%%%%%%%%% Chemical Plume Tracing %%%%%%%%%%
% Bacteria
@article{berg2000motile,
  title={Motile behavior of bacteria},
  author={Berg, Howard C},
  journal={Physics today},
  volume={53},
  number={1},
  pages={24--29},
  year={2000},
  publisher={American Institute of Physics}
}
% nematods
@article{lockery2011computational,
  title={The computational worm: spatial orientation and its neuronal basis in C. elegans},
  author={Lockery, Shawn R},
  journal={Current opinion in neurobiology},
  volume={21},
  number={5},
  pages={782--790},
  year={2011},
  publisher={Elsevier}
}

% Moths
@article{murlis1992odor,
  title={Odor plumes and how insects use them},
  author={Murlis, John and Elkinton, Joseph S and Carde, Ring T},
  journal={Annual review of entomology},
  volume={37},
  number={1},
  pages={505--532},
  year={1992},
  publisher={Annual Reviews 4139 El Camino Way, PO Box 10139, Palo Alto, CA 94303-0139, USA}
}



% Fruit fly
@article{frye2009visually,
  title={Visually mediated odor tracking during flight in Drosophila},
  author={Frye, Mark A and Duistermars, Brian J},
  journal={JoVE (Journal of Visualized Experiments)},
  number={23},
  pages={e1110},
  year={2009}
}


%Mosquito
@article{van2015mosquitoes,
  title={Mosquitoes use vision to associate odor plumes with thermal targets},
  author={Van Breugel, Floris and Riffell, Jeff and Fairhall, Adrienne and Dickinson, Michael H},
  journal={Current Biology},
  volume={25},
  number={16},
  pages={2123--2129},
  year={2015},
  publisher={Elsevier}
}

@article{nielsen2015olfaction,
  title={Olfaction: an overlooked sensory modality in applied ethology and animal welfare},
  author={Nielsen, Birte L and Jezierski, Tadeusz and Bolhuis, J Elizabeth and Amo, Luisa and Rosell, Frank and Oostindjer, Marije and Christensen, Janne W and McKeegan, Dorothy and Wells, Deborah L and Hepper, Peter},
  journal={Frontiers in Veterinary Science},
  volume={2},
  pages={69},
  year={2015},
  publisher={Frontiers Media SA}
}

%Beetles
@article{l2015integration,
  title={Integration of visual and olfactory cues in host plant identification by the Asian longhorned beetle, Anoplophora glabripennis (Motschulsky)(Coleoptera: Cerambycidae)},
  author={L. Yv, Fei and Hai, Xiaoxia and Wang, Zhigang and Yan, Aihua and Liu, Bingxiang and Bi, Yongguo},
  journal={PLoS One},
  volume={10},
  number={11},
  pages={e0142752},
  year={2015},
  publisher={Public Library of Science San Francisco, CA USA}
}

% Birds
@article{potier2019sight,
  title={Sight or smell: which senses do scavenging raptors use to find food?},
  author={Potier, Simon and Duriez, Olivier and C{\'e}l{\'e}rier, Aur{\'e}lie and Liegeois, Jean-Louis and Bonadonna, Francesco},
  journal={Animal Cognition},
  volume={22},
  number={1},
  pages={49--59},
  year={2019},
  publisher={Springer}
}


%%%%%%%%%
@article{vickers2000mechanisms,
  title={Mechanisms of animal navigation in odor plumes},
  author={Vickers, Neil J},
  journal={The Biological Bulletin},
  volume={198},
  number={2},
  pages={203--212},
  year={2000},
  publisher={Marine Biological Laboratory}
}


@article{carde2008navigational,
  title={Navigational strategies used by insects to find distant, wind-borne sources of odor},
  author={Card{\'e}, Ring T and Willis, Mark A},
  journal={Journal of chemical ecology},
  volume={34},
  pages={854--866},
  year={2008},
  publisher={Springer}
}

% Crustaceans
@article{radvansky2018olfactory,
  title={An olfactory virtual reality system for mice},
  author={Radvansky, Brad A and Dombeck, Daniel A},
  journal={Nature communications},
  volume={9},
  number={1},
  pages={839},
  year={2018},
  publisher={Nature Publishing Group UK London}
}

@article{atema1996eddy,
  title={Eddy chemotaxis and odor landscapes: exploration of nature with animal sensors},
  author={Atema, Jelle},
  journal={The Biological Bulletin},
  volume={191},
  number={1},
  pages={129--138},
  year={1996},
  publisher={Marine Biological Laboratory}
}

@article{webster2001chemosensory,
  title={Chemosensory guidance cues in a turbulent chemical odor plume},
  author={Webster, DR and Weissburg, MJ},
  journal={Limnology and Oceanography},
  volume={46},
  number={5},
  pages={1034--1047},
  year={2001},
  publisher={Wiley Online Library}
}

% fish
@article{scholz1976imprinting,
  title={Imprinting to chemical cues: the basis for home stream selection in salmon},
  author={Scholz, Allan T and Horrall, Ross M and Cooper, Jon C and Hasler, Arthur D},
  journal={Science},
  volume={192},
  number={4245},
  pages={1247--1249},
  year={1976},
  publisher={American Association for the Advancement of Science}
}

%birds
@article{nevitt2000olfactory,
  title={Olfactory foraging by Antarctic procellariiform seabirds: life at high Reynolds numbers},
  author={Nevitt, Gabrielle A},
  journal={The Biological Bulletin},
  volume={198},
  number={2},
  pages={245--253},
  year={2000},
  publisher={Marine Biological Laboratory}
}

@article{wallraff2004avian,
  title={Avian olfactory navigation: its empirical foundation and conceptual state},
  author={Wallraff, Hans G},
  journal={Animal Behaviour},
  volume={67},
  number={2},
  pages={189--204},
  year={2004},
  publisher={Elsevier}
}

% Mice
@article{baker2018algorithms,
  title={Algorithms for olfactory search across species},
  author={Baker, Keeley L and Dickinson, Michael and Findley, Teresa M and Gire, David H and Louis, Matthieu and Suver, Marie P and Verhagen, Justus V and Nagel, Katherine I and Smear, Matthew C},
  journal={Journal of Neuroscience},
  volume={38},
  number={44},
  pages={9383--9389},
  year={2018},
  publisher={Soc Neuroscience}
}

@article{liu2020mouse,
  title={Mouse navigation strategies for odor source localization},
  author={Liu, Annie and Papale, Andrew E and Hengenius, James and Patel, Khusbu and Ermentrout, Bard and Urban, Nathan N},
  journal={Frontiers in Neuroscience},
  volume={14},
  pages={218},
  year={2020},
  publisher={Frontiers Media SA}
}

%%%%%%%%% Previous %%%%%%%%%%


@article{kontoes2009sithon,
  title={SITHON: An airborne fire detection system compliant with operational tactical requirements},
  author={Kontoes, Charalabos and Keramitsoglou, Iphigenia and Sifakis, Nicolaos and Konstantinidis, Pavlos},
  journal={Sensors},
  volume={9},
  number={2},
  pages={1204--1220},
  year={2009},
  publisher={Molecular Diversity Preservation International}
}

@article{ottmar2016measurements,
  title={Measurements, datasets and preliminary results from the RxCADRE project--2008, 2011 and 2012},
  author={Ottmar, Roger D and Hiers, J Kevin and Butler, Bret W and Clements, Craig B and Dickinson, Matthew B and Hudak, Andrew T and O’Brien, Joseph J and Potter, Brian E and Rowell, Eric M and Strand, Tara M and others},
  journal={International Journal of Wildland Fire},
  volume={25},
  number={1},
  pages={1--9},
  year={2016},
  publisher={CSIRO}
}


@inproceedings{wang2023yolov7,
  title={YOLOv7: Trainable bag-of-freebies sets new state-of-the-art for real-time object detectors},
  author={Wang, Chien-Yao and Bochkovskiy, Alexey and Liao, Hong-Yuan Mark},
  booktitle={Proceedings of the IEEE/CVF Conference on Computer Vision and Pattern Recognition},
  pages={7464--7475},
  year={2023}
}

@article{de2020aerial,
  title={Aerial Forest Fire Detection and Monitoring Using a Small UAV},
  author={de Sousa, Joaquim Vasconcelos Reinolds and Gamboa, Pedro Vieira},
  journal={KnE Engineering},
  pages={242--256},
  year={2020}
}

@inproceedings{stampa2020scenario,
  title={A scenario for a multi-UAV mapping and surveillance system in emergency response applications},
  author={Stampa, Merlin and Sutorma, Andreas and Jahn, Uwe and Willich, Felix and Pratzler-Wanczura, Sylvia and Thiem, J{\"o}rg and R{\"o}hrig, Christof and Wolff, Carsten},
  booktitle={2020 IEEE 5th International Symposium on Smart and Wireless Systems within the Conferences on Intelligent Data Acquisition and Advanced Computing Systems (IDAACS-SWS)},
  pages={1--6},
  year={2020},
  organization={IEEE}
}

@inproceedings{de2019twenty,
  title={Twenty-first century technology of combating wildfire},
  author={De, Dilip Kumar and Olawole, OC and Joel, ES and Ikono, UI and Oyedepo, Sunday Olayinka and Olawole, OF and Obaseki, O and Oduniyi, I and Omeje, Maxwell and Ayoola, AA and others},
  booktitle={IOP Conference Series: Earth and Environmental Science},
  volume={331},
  number={1},
  pages={012015},
  year={2019},
  organization={IOP Publishing}
}

@article{pajares2015overview,
  title={Overview and current status of remote sensing applications based on unmanned aerial vehicles (UAVs)},
  author={Pajares, Gonzalo},
  journal={Photogrammetric Engineering \& Remote Sensing},
  volume={81},
  number={4},
  pages={281--330},
  year={2015},
  publisher={American Society for Photogrammetry and Remote Sensing}
}

@inproceedings{restas2006forest,
  title={Forest fire management supporting by UAV based air reconnaissance results of Szendro fire department, Hungary},
  author={Restas, Agoston},
  booktitle={2006 First International Symposium on Environment Identities and Mediterranean Area},
  pages={73--77},
  year={2006},
  organization={IEEE}
}

@inproceedings{esposito2007integrated,
  title={An integrated electro-optical payload system for forest fires monitoring from airborne platform},
  author={Esposito, Francesco and Rufino, Giancarlo and Moccia, Antonio and Donnarumma, Paolo and Esposito, Marco and Magliulo, Vincenzo},
  booktitle={2007 IEEE Aerospace Conference},
  pages={1--13},
  year={2007},
  organization={IEEE}
}

@article{van2011real,
  title={Real-time UAV based geospatial video integrated into the fire brigades crisis management GIS system},
  author={Van Persie, M and Oostdijk, A and Fix, J and Van Sijl, MC and Edgardh, L},
  journal={International archives of the photogrammetry, remote sensing and spatial information sciences},
  volume={38},
  number={1},
  year={2011}
}

@misc{AeroVironment_RQ-11_Raven,
   author = "Wikipedia",
   title = "{AeroVironment RQ-11 Raven} {W}ikipedia{,} The Free Encyclopedia",
   year = "2021",
   howpublished = {\url{http://en.wikipedia.org/w/index.php?title=AeroVironment\%20RQ-11\%20Raven&oldid=1009362191}},
   note = "[Online; accessed 18-April-2021]"
 }

@article{monroy2017gaden,
  title={GADEN: A 3D gas dispersion simulator for mobile robot olfaction in realistic environments},
  author={Monroy, Javier and Hernandez-Bennetts, Victor and Fan, Han and Lilienthal, Achim and Gonzalez-Jimenez, Javier},
  journal={Sensors},
  volume={17},
  number={7},
  pages={1479},
  year={2017},
  publisher={MDPI}
}

@inproceedings{chen2005formation,
  title={Formation control: a review and a new consideration},
  author={Chen, Yang Quan and Wang, Zhongmin},
  booktitle={2005 IEEE/RSJ International conference on intelligent robots and systems},
  pages={3181--3186},
  year={2005},
  organization={IEEE}
}

@article{tan2013research,
  title={Research advance in swarm robotics},
  author={Tan, Ying and Zheng, Zhongyang},
  journal={Defence Technology},
  volume={9},
  number={1},
  pages={18--39},
  year={2013},
  publisher={Elsevier}
}

@article{doubleday2020mortality,
  title={Mortality associated with wildfire smoke exposure in Washington state, 2006--2017: a case-crossover study},
  author={Doubleday, Annie and Schulte, Jill and Sheppard, Lianne and Kadlec, Matt and Dhammapala, Ranil and Fox, Julie and Isaksen, Tania Busch},
  journal={Environmental health},
  volume={19},
  number={1},
  pages={1--10},
  year={2020},
  publisher={BioMed Central}
}

@article{kowadlo2008robot,
  title={Robot odor localization: a taxonomy and survey},
  author={Kowadlo, Gideon and Russell, R Andrew},
  journal={The International Journal of Robotics Research},
  volume={27},
  number={8},
  pages={869--894},
  year={2008},
  publisher={SAGE Publications Sage UK: London, England}
}

@article{allison2016airborne,
  title={Airborne optical and thermal remote sensing for wildfire detection and monitoring},
  author={Allison, Robert S and Johnston, Joshua M and Craig, Gregory and Jennings, Sion},
  journal={Sensors},
  volume={16},
  number={8},
  pages={1310},
  year={2016},
  publisher={Multidisciplinary Digital Publishing Institute}
}

@article{westerling2006warming,
  title={Warming and earlier spring increase western US forest wildfire activity},
  author={Westerling, Anthony L and Hidalgo, Hugo G and Cayan, Daniel R and Swetnam, Thomas W},
  journal={science},
  volume={313},
  number={5789},
  pages={940--943},
  year={2006},
  publisher={American Association for the Advancement of Science}
}

@article{yuan2015survey,
  title={A survey on technologies for automatic forest fire monitoring, detection, and fighting using unmanned aerial vehicles and remote sensing techniques},
  author={Yuan, Chi and Zhang, Youmin and Liu, Zhixiang},
  journal={Canadian journal of forest research},
  volume={45},
  number={7},
  pages={783--792},
  year={2015},
  publisher={NRC research Press}
}

@article{hart2019examining,
  title={Examining forest resilience to changing fire frequency in a fire-prone region of boreal forest},
  author={Hart, Sarah J and Henkelman, Jonathan and McLoughlin, Philip D and Nielsen, Scott E and Truchon-Savard, Alexandre and Johnstone, Jill F},
  journal={Global change biology},
  volume={25},
  number={3},
  pages={869--884},
  year={2019},
  publisher={Wiley Online Library}
}

@article{schulze2020wildfire,
  title={Wildfire impacts on schools and hospitals following the 2018 California Camp Fire},
  author={Schulze, Stefanie S and Fischer, Erica C and Hamideh, Sara and Mahmoud, Hussam},
  journal={Natural Hazards},
  volume={104},
  number={1},
  pages={901--925},
  year={2020},
  publisher={Springer}
}

@article{knowlton2013there,
  title={Where there's fire, there's smoke: wildfire smoke affects communities distant from deadly flames},
  author={Knowlton, Kim},
  journal={NRDC Issue Brief},
  year={2013}
}

@article{akhloufi2021unmanned,
  title={Unmanned Aerial Vehicles for Wildland Fires: Sensing, Perception, Cooperation and Assistance},
  author={Akhloufi, Moulay A and Couturier, Andy and Castro, Nicol{\'a}s A},
  journal={Drones},
  volume={5},
  number={1},
  pages={15},
  year={2021},
  publisher={Multidisciplinary Digital Publishing Institute}
}

@article{fukuhara2017detection,
  title={Detection of small wildfire by thermal infrared camera with the uncooled microbolometer array for 50-kg class satellite},
  author={Fukuhara, Tetsuya and Kouyama, Toru and Kato, Soushi and Nakamura, Ryosuke and Takahashi, Yukihiro and Akiyama, Hiroaki},
  journal={IEEE Transactions on Geoscience and Remote Sensing},
  volume={55},
  number={8},
  pages={4314--4324},
  year={2017},
  publisher={IEEE}
}

@article{tan2011self,
  title={Self-autonomous wireless sensor nodes with wind energy harvesting for remote sensing of wind-driven wildfire spread},
  author={Tan, Yen Kheng and Panda, Sanjib Kumar},
  journal={IEEE Transactions on Instrumentation and Measurement},
  volume={60},
  number={4},
  pages={1367--1377},
  year={2011},
  publisher={IEEE}
}

@article{alkhatib2014review,
  title={A review on forest fire detection techniques},
  author={Alkhatib, Ahmad AA},
  journal={International Journal of Distributed Sensor Networks},
  volume={10},
  number={3},
  pages={597368},
  year={2014},
  publisher={SAGE Publications Sage UK: London, England}
}

@inproceedings{hossain2019survey,
  title={A survey on forest fire monitoring using unmanned aerial vehicles},
  author={Hossain, FM Anim and Zhang, Youmin and Yuan, Chi},
  booktitle={2019 3rd International Symposium on Autonomous Systems (ISAS)},
  pages={484--489},
  year={2019},
  organization={IEEE}
}

@article{butler2015aviation,
  title={Aviation-Related Wildland Firefighter Fatalities—United States, 2000--2013},
  author={Butler, Corey R and O’Connor, Mary B and Lincoln, Jennifer M},
  journal={MMWR. Morbidity and mortality weekly report},
  volume={64},
  number={29},
  pages={793},
  year={2015},
  publisher={Centers for Disease Control and Prevention}
}

@article{yuan2017aerial,
  title={Aerial images-based forest fire detection for firefighting using optical remote sensing techniques and unmanned aerial vehicles},
  author={Yuan, Chi and Liu, Zhixiang and Zhang, Youmin},
  journal={Journal of Intelligent \& Robotic Systems},
  volume={88},
  number={2},
  pages={635--654},
  year={2017},
  publisher={Springer}
}

@article{zajkowski2016evaluation,
  title={Evaluation and use of remotely piloted aircraft systems for operations and research--RxCADRE 2012},
  author={Zajkowski, Thomas J and Dickinson, Matthew B and Hiers, J Kevin and Holley, William and Williams, Brett W and Paxton, Alexander and Martinez, Otto and Walker, Gregory W},
  journal={International Journal of Wildland Fire},
  volume={25},
  number={1},
  pages={114--128},
  year={2016},
  publisher={CSIRO}
}

@article{grasso2001invertebrate,
  title={Invertebrate-inspired sensory-motor systems and autonomous, olfactory-guided exploration},
  author={Grasso, Frank W},
  journal={The Biological Bulletin},
  volume={200},
  number={2},
  pages={160--168},
  year={2001},
  publisher={Marine Biological Laboratory}
}

@article{pastor2011architecture,
  title={Architecture for a helicopter-based unmanned aerial systems wildfire surveillance system},
  author={Pastor, Enric and Barrado, Cristina and Royo, Pablo and Santamaria, Eduard and Lopez, Juan and Salami, Esther},
  journal={Geocarto International},
  volume={26},
  number={2},
  pages={113--131},
  year={2011},
  publisher={Taylor \& Francis}
}

@article{iv2006assessment,
  title={An assessment of small unmanned aerial vehicles for wildlife research},
  author={IV, GEORGE PIERCE JONES and Pearlstine, Leonard G and Percival, H Franklin},
  journal={Wildlife society bulletin},
  volume={34},
  number={3},
  pages={750--758},
  year={2006},
  publisher={Wiley Online Library}
}

@incollection{ambrosia2015selection,
  title={Selection of appropriate class UAS/sensors to support fire monitoring: experiences in the United States},
  author={Ambrosia, VG and Zajkowski, Thomas and others},
  booktitle={Handbook of Unmanned Aerial Vehicles},
  pages={2723--2754},
  year={2015},
  publisher={Springer}
}

@article{ambrosia2003demonstrating,
  title={Demonstrating UAV-acquired real-time thermal data over fires},
  author={Ambrosia, Vincent G and Wegener, Steven S and Sullivan, Donald V and Buechel, Sally W and Dunagan, Stephen E and Brass, James A and Stoneburner, Jay and Schoenung, Susan M},
  journal={Photogrammetric engineering \& remote sensing},
  volume={69},
  number={4},
  pages={391--402},
  year={2003},
  publisher={American Society for Photogrammetry and Remote Sensing}
}

@inproceedings{ollero2003helicopter,
  title={Helicopter teleoperation for aerial monitoring in the COMETS multi-UAV system},
  author={Ollero, Anibal and Alc{\'a}zar, J and Cuesta, F and L{\'o}pez-Pichaco, F and Nogales, C},
  booktitle={3rd IARP Workshop on Service, Assistive and Personal Robots},
  year={2003}
}

@article{ollero2005multiple,
  title={Multiple eyes in the skies: architecture and perception issues in the COMETS unmanned air vehicles project},
  author={Ollero, Anibal and Lacroix, Simon and Merino, Luis and Gancet, Jeremi and Wiklund, Johan and Remu{\ss}, Volker and Perez, Iker Veiga and Guti{\'e}rrez, Luis G and Viegas, Domingos Xavier and Benitez, Miguel Angel Gonz{\'a}lez and others},
  journal={IEEE robotics \& automation magazine},
  volume={12},
  number={2},
  pages={46--57},
  year={2005},
  publisher={IEEE}
}

@article{merino2015cooperative,
  title={Cooperative unmanned aerial systems for fire detection, monitoring, and extinguishing},
  author={Merino, Luis and Mart{\'\i}nez-de Dios, Jos{\'e} Ramiro and Ollero, An{\'\i}bal},
  journal={Handbook of Unmanned Aerial Vehicles},
  pages={2693--2722},
  year={2015},
  publisher={Springer}
}

@article{ghali2022deep,
    author = {Rafik Ghali, Moulay A. Akhloufi, Wided Souidene Mseddi},
    title = {Deep Learning and Transformer Approaches for UAV-Based Wildfire Detection and Segmentation},
    journal = {Deep Learning Methods for Remote Sensing},
    year = {2022}
}

@inproceedings{mseddi2021fire,
  title={Fire detection and segmentation using YOLOv5 and U-net},
  author={Mseddi, Wided Souidene and Ghali, Rafik and Jmal, Marwa and Attia, Rabah},
  booktitle={2021 29th European Signal Processing Conference (EUSIPCO)},
  pages={741--745},
  year={2021},
  organization={IEEE}
}

@inproceedings{frizzi2016convolutional,
  title={Convolutional neural network for video fire and smoke detection},
  author={Frizzi, Sebastien and Kaabi, Rabeb and Bouchouicha, Moez and Ginoux, Jean-Marc and Moreau, Eric and Fnaiech, Farhat},
  booktitle={IECON 2016-42nd Annual Conference of the IEEE Industrial Electronics Society},
  pages={877--882},
  year={2016},
  organization={IEEE}
}

@article{hayes2002distributed,
  title={Distributed odor source localization},
  author={Hayes, Adam T and Martinoli, Alcherio and Goodman, Rodney M},
  journal={IEEE Sensors Journal},
  volume={2},
  number={3},
  pages={260--271},
  year={2002},
  publisher={IEEE}
}

@inproceedings{lochmatter2008comparison,
  title={A comparison of casting and spiraling algorithms for odor source localization in laminar flow},
  author={Lochmatter, Thomas and Raemy, Xavier and Matthey, Lo{\"\i}c and Indra, Saurabh and Martinoli, Alcherio},
  booktitle={2008 IEEE International Conference on Robotics and Automation},
  pages={1138--1143},
  year={2008},
  organization={IEEE},
  doi={10.1109/ROBOT.2008.4543357}
}

@article{wang2022robotic,
  title={Robotic odor source localization via adaptive bio-inspired navigation using fuzzy inference methods},
  author={Wang, Lingxiao and Pang, Shuo},
  journal={Robotics and Autonomous Systems},
  volume={147},
  pages={103914},
  year={2022},
  publisher={Elsevier}
}

@article{shigaki2022palm,
  title={Palm-sized quadcopter for three-dimensional chemical plume tracking},
  author={Shigaki, Shunsuke and Yoshimura, Yuki and Kurabayashi, Daisuke and Hosoda, Koh},
  journal={IEEE Transactions on Instrumentation and Measurement},
  volume={71},
  pages={1--12},
  year={2022},
  publisher={IEEE}
}

@article{luong2023odor,
  title={Odor Source Localization in Obstacle Regions Using Switching Planning Algorithms with a Switching Framework},
  author={Luong, Duc-Nhat and Kurabayashi, Daisuke},
  journal={Sensors},
  volume={23},
  number={3},
  pages={1140},
  year={2023},
  publisher={MDPI}
}
%%%%%%%%% Chemical Plume Tracing %%%%%%%%%%
%%%%%%%%%%%% AI applications %%%%%%%%%%%%%%
@article{mellit2008artificial,
  title={Artificial intelligence techniques for photovoltaic applications: A review},
  author={Mellit, Adel and Kalogirou, Soteris A},
  journal={Progress in energy and combustion science},
  volume={34},
  number={5},
  pages={574--632},
  year={2008},
  publisher={Elsevier}
}

@article{chen2019odor,
  title={Odor source localization algorithms on mobile robots: A review and future outlook},
  author={Chen, Xinxing and Huang, Jian},
  journal={Robotics and Autonomous Systems},
  volume={112},
  pages={123--136},
  year={2019},
  publisher={Elsevier}
}

@article{lu2016cooperative,
  title={A cooperative control framework for a collective decision on movement behaviors of particles},
  author={Lu, Qiang and Han, Qing-Long and Liu, Shirong},
  journal={IEEE Transactions on Evolutionary Computation},
  volume={20},
  number={6},
  pages={859--873},
  year={2016},
  publisher={IEEE}
}

@inproceedings{tian2010simulation,
  title={Simulation environment and guidance system for AUV tracing chemical plume in 3-dimensions},
  author={Tian, Yu and Zhang, Aiqun},
  booktitle={2010 2nd International Asia Conference on Informatics in Control, Automation and Robotics (CAR 2010)},
  volume={1},
  pages={407--411},
  year={2010},
  organization={IEEE}
}

@inproceedings{rahbar2019algorithm,
  title={An algorithm for odor source localization based on source term estimation},
  author={Rahbar, Faezeh and Marjovi, Ali and Martinoli, Alcherio},
  booktitle={2019 International Conference on Robotics and Automation (ICRA)},
  pages={973--979},
  year={2019},
  organization={IEEE}
}

@inproceedings{wang2021implementation,
  title={An Implementation of the Adaptive Neuro-Fuzzy Inference System (ANFIS) for Odor Source Localization},
  author={Wang, Lingxiao and Pang, Shuo},
  booktitle={2020 IEEE/RSJ International Conference on Intelligent Robots and Systems},
  year={2021},
  organization={IEEE}
}

@article{kim2019source,
  title={Source localization for hazardous material release in an outdoor chemical plant via a combination of LSTM-RNN and CFD simulation},
  author={Kim, Hyunseung and Park, Myeongnam and Kim, Chang Won and Shin, Dongil},
  journal={Computers \& Chemical Engineering},
  volume={125},
  pages={476--489},
  year={2019},
  publisher={Elsevier}
}

@article{al2011modeling,
  title={Modeling and simulation of an adaptive neuro-fuzzy inference system (ANFIS) for mobile learning},
  author={Al-Hmouz, Ahmed and Shen, Jun and Al-Hmouz, Rami and Yan, Jun},
  journal={IEEE Transactions on Learning Technologies},
  volume={5},
  number={3},
  pages={226--237},
  year={2011},
  publisher={IEEE}
}

@article{paden2016survey,
  title={A survey of motion planning and control techniques for self-driving urban vehicles},
  author={Paden, Brian and {\v{C}}{\'a}p, Michal and Yong, Sze Zheng and Yershov, Dmitry and Frazzoli, Emilio},
  journal={IEEE Transactions on intelligent vehicles},
  volume={1},
  number={1},
  pages={33--55},
  year={2016},
  publisher={IEEE}
}

@article{wang2018image,
  title={Image reconstruction is a new frontier of machine learning},
  author={Wang, Ge and Ye, Jong Chu and Mueller, Klaus and Fessler, Jeffrey A},
  journal={IEEE transactions on medical imaging},
  volume={37},
  number={6},
  pages={1289--1296},
  year={2018},
  publisher={IEEE}
}

@article{cheng2016survey,
  title={A survey on object detection in optical remote sensing images},
  author={Cheng, Gong and Han, Junwei},
  journal={ISPRS Journal of Photogrammetry and Remote Sensing},
  volume={117},
  pages={11--28},
  year={2016},
  publisher={Elsevier}
}

@book{bishop2006pattern,
  title={Pattern recognition and machine learning},
  author={Bishop, Christopher M},
  year={2006},
  publisher={Springer}
}

@article{rahman2007framework,
  title={A framework for medical image retrieval using machine learning and statistical similarity matching techniques with relevance feedback},
  author={Rahman, Md Mahmudur and Bhattacharya, Prabir and Desai, Bipin C},
  journal={IEEE transactions on Information Technology in Biomedicine},
  volume={11},
  number={1},
  pages={58--69},
  year={2007},
  publisher={IEEE}
}

@article{kourou2015machine,
  title={Machine learning applications in cancer prognosis and prediction},
  author={Kourou, Konstantina and Exarchos, Themis P and Exarchos, Konstantinos P and Karamouzis, Michalis V and Fotiadis, Dimitrios I},
  journal={Computational and structural biotechnology journal},
  volume={13},
  pages={8--17},
  year={2015},
  publisher={Elsevier}
}

@article{feng2019experimental,
  title={Experimental study on a comprehensive particle swarm optimization method for locating contaminant sources in dynamic indoor environments with mechanical ventilation},
  author={Feng, Qilin and Cai, Hao and Chen, Zhilong and Yang, Yibin and Lu, Jingyu and Li, Fei and Xu, Jiheng and Li, Xianting},
  journal={Energy and buildings},
  volume={196},
  pages={145--156},
  year={2019},
  publisher={Elsevier}
}

@article{hutchinson2018information,
  title={Information-based search for an atmospheric release using a mobile robot: Algorithm and experiments},
  author={Hutchinson, Michael and Liu, Cunjia and Chen, Wen-Hua},
  journal={IEEE Transactions on Control Systems Technology},
  volume={27},
  number={6},
  pages={2388--2402},
  year={2018},
  publisher={IEEE},
  doi={10.1109/TCST.2018.2860548}
}

@incollection{lopez2011moth,
  title={Moth-like chemo-source localization and classification on an indoor autonomous robot},
  author={L{\'o}pez, Lucas L and Vouloutsi, Vasiliki and Chimeno, Alex Escuredo and Marcos, Encarni and i Badia, Sergi Bermúdez and Mathews, Zenon and Verschure, Paul FMJ and Ziyatdinov, Andrey and i Lluna, Alexandre Perera},
  booktitle={On Biomimetics},
  year={2011},
  publisher={IntechOpen},
  doi={10.5772/19695}
}

@inproceedings{al2022new, 
  title={A New Artificial Potential Field Based Global Path Planning Algorithm for Mobile Robot Navigation}, 
  author={Al Jabari, Hamzah and Alobahji, Abdulrahman and Baran, Eray A}, 
  booktitle={2022 IEEE 17th International Conference on Advanced Motion Control (AMC)}, 
  pages={444--449}, 
  year={2022}, 
  organization={IEEE} 
} 

@article{xiang2022combined, 
  title={Combined improved A* and greedy algorithm for path planning of multi-objective mobile robot}, 
  author={Xiang, Dan and Lin, Hanxi and Ouyang, Jian and Huang, Dan}, 
  journal={Scientific Reports}, 
  volume={12}, 
  number={1}, 
  pages={13273}, 
  year={2022}, 
  publisher={Nature Publishing Group UK London} 
} 

@inproceedings{sivaranjani2021investigation, 
  title={An investigation of bug algorithms for mobile robot navigation and obstacle avoidance in two-dimensional unknown static environments}, 
  author={Sivaranjani, S and Nandesh, Divya A and Gayathri, K and Ramanathan, R and others}, 
  booktitle={2021 International Conference on Communication information and Computing Technology (ICCICT)}, 
  pages={1--6}, 
  year={2021}, 
  organization={IEEE} 
}

@article{kahn2021badgr,
  title={Badgr: An autonomous self-supervised learning-based navigation system},
  author={Kahn, Gregory and Abbeel, Pieter and Levine, Sergey},
  journal={IEEE Robotics and Automation Letters},
  volume={6},
  number={2},
  pages={1312--1319},
  year={2021},
  publisher={IEEE}
}

%%%%%%%%%%%% ANFIS %%%%%%%%%%%%%%%%%%%%%
@article{jang1993anfis,
  title={ANFIS: adaptive-network-based fuzzy inference system},
  author={Jang, J-SR},
  journal={IEEE transactions on systems, man, and cybernetics},
  volume={23},
  number={3},
  pages={665--685},
  year={1993},
  publisher={IEEE}
}

@article{jang1995neuro,
  title={Neuro-fuzzy modeling and control},
  author={Jang, J-SR and Sun, Chuen-Tsai},
  journal={Proceedings of the IEEE},
  volume={83},
  number={3},
  pages={378--406},
  year={1995},
  publisher={IEEE}
}
%%%%%%%%%%%% AUV applications %%%%%%%%%%%%%
@article{yuh2011applications,
  title={Applications of marine robotic vehicles},
  author={Yuh, Junku and Marani, Giacomo and Blidberg, D Richard},
  journal={Intelligent service robotics},
  volume={4},
  number={4},
  pages={221},
  year={2011},
  publisher={Springer}
}

@article{hernandez2012mobile,
  title={Mobile robots for localizing gas emission sources on landfill sites: is bio-inspiration the way to go?},
  author={Hernandez Bennetts, Victor and Lilienthal, Achim Josef and Neumann, Patrick and Trincavelli, Marco},
  journal={Frontiers in neuroengineering},
  volume={4},
  pages={20},
  year={2012},
  publisher={Frontiers}
}

@inproceedings{wang2019chemical,
  title={Chemical Plume Tracing using an AUV based on POMDP Source Mapping and A-star Path Planning},
  author={Wang, Lingxiao and Pang, Shuo},
  booktitle={OCEANS 2019 MTS/IEEE SEATTLE},
  pages={1--7},
  year={2019},
  organization={IEEE}
}

%%%%%%%%%%%%% Chemotaxis %%%%%%%%%%%%%%%%
@article{ishida1994study,
  title={Study of autonomous mobile sensing system for localization of odor source using gas sensors and anemometric sensors},
  author={Ishida, Hiroshi and Suetsugu, Kin-ichiro and Nakamoto, Takamichi and Moriizumi, Toyosaka},
  journal={Sensors and Actuators A: Physical},
  volume={45},
  number={2},
  pages={153--157},
  year={1994},
  publisher={Elsevier}
}

@article{farrell2005chemical,
  title={Chemical plume tracing via an autonomous underwater vehicle},
  author={Farrell, Jay A and Pang, Shuo and Li, Wei},
  journal={IEEE Journal of Oceanic Engineering},
  volume={30},
  number={2},
  pages={428--442},
  year={2005},
  publisher={IEEE}
}

@inproceedings{sandini1993gradient,
  title={Gradient driven self-organizing systems},
  author={Sandini, Giulio and Lucarini, Giovanni and Varoli, Marco},
  booktitle={Proceedings of 1993 IEEE/RSJ International Conference on Intelligent Robots and Systems (IROS'93)},
  volume={1},
  pages={429--432},
  year={1993},
  organization={IEEE}
}

@article{grasso2000biomimetic,
  title={Biomimetic robot lobster performs chemo-orientation in turbulence using a pair of spatially separated sensors: Progress and challenges},
  author={Grasso, Frank W and Consi, Thomas R and Mountain, David C and Atema, Jelle},
  journal={Robotics and Autonomous Systems},
  volume={30},
  number={1-2},
  pages={115--131},
  year={2000},
  publisher={Elsevier}
}

@article{russell2003comparison,
  title={A comparison of reactive robot chemotaxis algorithms},
  author={Russell, R Andrew and Bab-Hadiashar, Alireza and Shepherd, Rod L and Wallace, Gordon G},
  journal={Robotics and Autonomous Systems},
  volume={45},
  number={2},
  pages={83--97},
  year={2003},
  publisher={Elsevier}
}

@article{lilienthal2004experimental,
  title={Experimental analysis of gas-sensitive {Braitenberg} vehicles},
  author={Lilienthal, Achim and Duckett, Tom},
  journal={Advanced Robotics},
  volume={18},
  number={8},
  pages={817--834},
  year={2004},
  publisher={Taylor \& Francis}
}

@article{ishida2005controlling,
  title={Controlling a gas/odor plume-tracking robot based on transient responses of gas sensors},
  author={Ishida, Hiroshi and Nakayama, Gouki and Nakamoto, Takamichi and Moriizumi, Toyosaka},
  journal={IEEE Sensors Journal},
  volume={5},
  number={3},
  pages={537--545},
  year={2005},
  publisher={IEEE}
}

@inproceedings{li2006abstraction,
  title={Abstraction of odor source declaration algorithm from moth-inspired plume tracing strategies},
  author={Li, Wei},
  booktitle={2006 IEEE International Conference on Robotics and Biomimetics},
  pages={1024--1029},
  year={2006},
  organization={IEEE}
}

@inproceedings{pang2006development,
  title={{Development of a guidance system for AUV chemical plume tracing}},
  author={Pang, Shuo},
  booktitle={OCEANS 2006},
  pages={1--6},
  year={2006},
  organization={IEEE}
}

@article{slade1968meteorology,
  title={Meteorology and atomic energy},
  author={Slade, David H and others},
  journal={US Atomic Energy Commission},
  pages={28--30},
  year={1968}
}
%%%%%%%%%%%%%% anemotaxis %%%%%%%%%%%%%%%%
@phdthesis{lochmatter2010bio,
  title={Bio-inspired and probabilistic algorithms for distributed odor source localization using mobile robots},
  author={Lochmatter, Thomas},
  year={2010},
  school={Verlag nicht ermittelbar}
}

@incollection{kishi2016experiment,
  title={Experiment of stereo sensors for chemical plume tracing by optogenetic silkworm moth},
  author={Kishi, Kotaro and Kurabayashi, Daisuke and Minegishi, Ryo and Sakurai, Takeshi and Kanzaki, Ryohei and Tabuchi, Masashi and Sezutsu, Hideki},
  booktitle={Intelligent Autonomous Systems 13},
  pages={1481--1489},
  year={2016},
  publisher={Springer}
}

@article{gao20163d,
  title={3D Moth-inspired chemical plume tracking and adaptive step control strategy},
  author={Gao, Bo and Li, Hongbo and Li, Wei and Sun, Fuchun},
  journal={Adaptive Behavior},
  volume={24},
  number={1},
  pages={52--65},
  year={2016},
  publisher={SAGE Publications Sage UK: London, England}
}

@inproceedings{rahbar20173,
  title={A 3-D bio-inspired odor source localization and its validation in realistic environmental conditions},
  author={Rahbar, Faezeh and Marjovi, Ali and Kibleur, Pierre and Martinoli, Alcherio},
  booktitle={2017 IEEE/RSJ International Conference on Intelligent Robots and Systems (IROS)},
  pages={3983--3989},
  year={2017},
  organization={IEEE}
}

@inproceedings{farrell2003chemical,
  title={Chemical plume tracing experimental results with a REMUS AUV},
  author={Farrell, Jay A and Pang, Shou and Li, Wei and Arrieta, Richard},
  booktitle={Oceans 2003. Celebrating the Past... Teaming Toward the Future (IEEE Cat. No. 03CH37492)},
  volume={2},
  pages={962--968},
  year={2003},
  organization={IEEE}
}

@article{ferri2009spiral,
  title={SPIRAL: A novel biologically-inspired algorithm for gas/odor source localization in an indoor environment with no strong airflow},
  author={Ferri, Gabriele and Caselli, Emanuele and Mattoli, Virgilio and Mondini, Alessio and Mazzolai, Barbara and Dario, Paolo},
  journal={Robotics and Autonomous Systems},
  volume={57},
  number={4},
  pages={393--402},
  year={2009},
  publisher={Elsevier}
}

@article{elkinton1987pheromone,
  title={Pheromone puff trajectory and upwind flight of male gypsy moths in a forest},
  author={Elkinton, JS and Schal, C and Onot, T and Card{\'e}, RT},
  journal={Physiological Entomology},
  volume={12},
  number={4},
  pages={399--406},
  year={1987},
  publisher={Wiley Online Library}
}

@article{kanzaki1992self,
  title={Self-generated zigzag turning of {Bombyx} mori males during pheromone-mediated upwind walking {(Physology)}},
  author={Kanzaki, Ryohei and Sugi, Naoko and Shibuya, Tatsuaki},
  journal={Zoological science},
  volume={9},
  number={3},
  pages={515--527},
  year={1992},
  publisher={Zoological Society of Japan}
}

@article{kennedy1974pheromone,
  title={Pheromone-regulated anemotaxis in flying moths},
  author={Kennedy, John S and Marsh, D},
  journal={Science},
  volume={184},
  number={4140},
  pages={999--1001},
  year={1974},
  publisher={American Association for the Advancement of Science}
}

@incollection{carde1997mechanisms,
  title={Mechanisms of flight of male moths to pheromone},
  author={Card{\'e}, Ring T and Mafra-Neto, Agenor},
  booktitle={Insect pheromone research},
  pages={275--290},
  year={1997},
  publisher={Springer}
}

@article{li2006moth,
  title={Moth-inspired chemical plume tracing on an autonomous underwater vehicle},
  author={Li, Wei and Farrell, Jay A and Pang, Shuo and Arrieta, Richard M},
  journal={IEEE Transactions on Robotics},
  volume={22},
  number={2},
  pages={292--307},
  year={2006},
  publisher={IEEE}
}

@article{shigaki2019analysis,
  title={Analysis of the role of wind information for efficient chemical plume tracing based on optogenetic silkworm moth behavior},
  author={Shigaki, Shunsuke and Haigo, Shoma and Reyes, Cesar Hernandez and Sakurai, Takeshi and Kanzaki, Ryohei and Kurabayashi, Daisuke and Sezutsu, Hideki},
  journal={Bioinspiration \& biomimetics},
  volume={14},
  number={4},
  pages={046006},
  year={2019},
  publisher={IOP Publishing}
}

@article{saxena2018odor,
  title={Odor source localization in complex visual environments by fruit flies},
  author={Saxena, Nitesh and Natesan, Dinesh and Sane, Sanjay P},
  journal={Journal of Experimental Biology},
  volume={221},
  number={2},
  year={2018},
  publisher={The Company of Biologists Ltd}
}

@article{shigaki2017time,
  title={Time-varying moth-inspired algorithm for chemical plume tracing in turbulent environment},
  author={Shigaki, Shunsuke and Sakurai, Takeshi and Ando, Noriyasu and Kurabayashi, Daisuke and Kanzaki, Ryohei},
  journal={IEEE Robotics and Automation Letters},
  volume={3},
  number={1},
  pages={76--83},
  year={2017},
  publisher={IEEE}
}

@inproceedings{hassan2023multi-modal,
  title={Multi-Modal Robotic Platform Development for Odor Source Localization},
  author={Hassan, Wang, Mahmud},
  booktitle={IEEE International Conference on Robotic Computing (IRC)},
  year={2023},
  organization={IEEE}
}

@inproceedings{ercolani20203d,
  title={3d odor source localization using a micro aerial vehicle: System design and performance evaluation},
  author={Ercolani, Chiara and Martinoli, Alcherio},
  booktitle={2020 IEEE/RSJ International Conference on Intelligent Robots and Systems (IROS)},
  pages={6194--6200},
  year={2020},
  organization={IEEE}
}
%%%%%%%%%%%%%% Wind Characteristics %%%%%%%%%%%%%
@article{murlis1981fine,
  title={Fine-scale structure of odour plumes in relation to insect orientation to distant pheromone and other attractant sources},
  author={Murlis, J and Jones, CD},
  journal={Physiological Entomology},
  volume={6},
  number={1},
  pages={71--86},
  year={1981},
  publisher={Wiley Online Library}
}

%%%%%%%%%%%%% Engineering-based %%%%%%%%%%%%%%%%
@article{pang2006chemical,
  title={Chemical plume source localization},
  author={Pang, Shuo and Farrell, Jay A},
  journal={IEEE Transactions on Systems, Man, and Cybernetics, Part B (Cybernetics)},
  volume={36},
  number={5},
  pages={1068--1080},
  year={2006},
  publisher={IEEE}
}

@article{eu2018chemical,
  title={Chemical plume tracing: A three-dimensional technique for quadrotors by considering the altitude control of the robot in the casting stage},
  author={Eu, Kok Seng and Yap, Kian Meng},
  journal={International Journal of Advanced Robotic Systems},
  volume={15},
  number={1},
  pages={1729881418755877},
  year={2018},
  publisher={SAGE Publications Sage UK: London, England}
}

@inproceedings{saigol2009information,
  title={Information-lookahead planning for AUV mapping},
  author={Saigol, Zeyn A and Dearden, Richard W and Wyatt, Jeremy L and Murton, Bramley J},
  booktitle={Twenty-First International Joint Conference on Artificial Intelligence},
  year={2009}
}

@article{meng2011collective,
  title={Collective odor source estimation and search in time-variant airflow environments using mobile robots},
  author={Meng, QingHao and Yang, WeiXing and Wang, Yang and Zeng, Ming},
  journal={Sensors},
  volume={11},
  number={11},
  pages={10415--10443},
  year={2011},
  publisher={Molecular Diversity Preservation International}
}

@article{luo2017flying,
  title={A flying odor compass to autonomously locate the gas source},
  author={Luo, Bing and Meng, Qing-Hao and Wang, Jia-Ying and Zeng, Ming},
  journal={IEEE Transactions on Instrumentation and Measurement},
  volume={67},
  number={1},
  pages={137--149},
  year={2017},
  publisher={IEEE}
}

@inproceedings{pang2009reactive,
  title={Reactive planning for olfactory-based mobile robots},
  author={Pang, Shuo and Zhu, Fangming},
  booktitle={2009 IEEE/RSJ International Conference on Intelligent Robots and Systems},
  pages={4375--4380},
  year={2009},
  organization={IEEE}
}

@article{silver2017mastering,
  title={Mastering the game of go without human knowledge},
  author={Silver, David and Schrittwieser, Julian and Simonyan, Karen and Antonoglou, Ioannis and Huang, Aja and Guez, Arthur and Hubert, Thomas and Baker, Lucas and Lai, Matthew and Bolton, Adrian and others},
  journal={Nature},
  volume={550},
  number={7676},
  pages={354},
  year={2017},
  publisher={Nature Publishing Group}
}

@article{li2011odor,
  title={Odor source localization using a mobile robot in outdoor airflow environments with a particle filter algorithm},
  author={Li, JiGong and Meng, QingHao and Wang, Yang and Zeng, Ming},
  journal={Autonomous Robots},
  volume={30},
  number={3},
  pages={281--292},
  year={2011},
  publisher={Springer}
}

@article{farrell2003plume,
  title={Plume mapping via hidden {Markov} methods},
  author={Farrell, Jay A and Pang, Shuo and Li, Wei},
  journal={IEEE Transactions on Systems, Man, and Cybernetics, Part B (Cybernetics)},
  volume={33},
  number={6},
  pages={850--863},
  year={2003},
  publisher={IEEE}
}

@article{hai2019underwater,
  title={Underwater chemical plume tracing based on partially observable Markov decision process},
  author={Jiu, Haifeng and Chen, Yu and Deng, Wei and Pang, Shuo},
  journal={International Journal of Advanced Robotic Systems},
  volume={16},
  number={2},
  pages={1729881419831874},
  year={2019},
  publisher={SAGE Publications Sage UK: London, England}
}

@article{vergassola2007infotaxis,
  title={‘Infotaxis’ as a strategy for searching without gradients},
  author={Vergassola, Massimo and Villermaux, Emmanuel and Shraiman, Boris I},
  journal={Nature},
  volume={445},
  number={7126},
  pages={406},
  year={2007},
  publisher={Nature Publishing Group}
}

@inproceedings{jiu2014odor,
  title={Odor plume source localization with a Pioneer 3 Mobile Robot in an indoor airflow environment},
  author={Jiu, Hai-feng and Pang, Shuo and Li, Jin-long and Han, Bing},
  booktitle={IEEE SOUTHEASTCON 2014},
  pages={1--6},
  year={2014},
  organization={IEEE}
}

@article{li2019chemical,
  title={{Chemical Source Searching by Controlling a Wheeled Mobile Robot to Follow an Online Planned Route in Outdoor Field Environments}},
  author={Li, Ji-Gong and Cao, Meng-Li and Meng, Qing-Hao},
  journal={Sensors},
  volume={19},
  number={2},
  pages={426},
  year={2019},
  publisher={Multidisciplinary Digital Publishing Institute}
}

@inproceedings{wang2018auv,
  title={AUV Navigation Based on Inertial Navigation and Acoustic Positioning Systems},
  author={Wang, Lingxiao and Pang, Shuo},
  booktitle={OCEANS 2018 MTS/IEEE Charleston},
  pages={1--8},
  year={2018},
  organization={IEEE}
}

@inproceedings{jakuba2008autonomous,
  title={Autonomous search for hydrothermal vent fields with occupancy grid maps},
  author={Jakuba, M and Yoerger, Dana R},
  booktitle={Proc. of ACRA},
  volume={8},
  pages={2008},
  year={2008}
}

@article{hu2019plume,
  title={Plume Tracing via Model-Free Reinforcement Learning Method},
  author={Hu, Hangkai and Song, Shiji and Chen, CL Phillip},
  journal={IEEE transactions on neural networks and learning systems},
  year={2019},
  publisher={IEEE}
}


@phdthesis{jakuba2007stochastic,
  title={Stochastic mapping for chemical plume source localization with application to autonomous hydrothermal vent discovery},
  author={Jakuba, Michael Vavrousek},
  year={2007},
  school={Massachusetts Institute of Technology},
  doi={10.1575/1912/1583}
}

@article{luo2020surface,
  title={Surface optimal path planning using an extended Dijkstra algorithm},
  author={Luo, Min and Hou, Xiaorong and Yang, Jing},
  journal={IEEE access},
  volume={8},
  pages={147827--147838},
  year={2020},
  publisher={IEEE}
}
%%%%%%%%%%%%%% Review %%%%%%%%%%%%%%%

@article{naeem2007chemical,
  title={Chemical plume tracing and odour source localisation by autonomous vehicles},
  author={Naeem, W and Sutton, R and Chudley, J},
  journal={The Journal of Navigation},
  volume={60},
  number={2},
  pages={173--190},
  year={2007},
  publisher={Cambridge University Press}
}

%%%%%%%%%%%%%% POMDP %%%%%%%%%%%%%%
@book{sigaud2013markov,
  title={Markov decision processes in artificial intelligence},
  author={Sigaud, Olivier and Buffet, Olivier},
  year={2013},
  publisher={John Wiley \& Sons}
}

@article{littman2009tutorial,
  title={A tutorial on partially observable Markov decision processes},
  author={Littman, Michael L},
  journal={Journal of Mathematical Psychology},
  volume={53},
  number={3},
  pages={119--125},
  year={2009},
  publisher={Elsevier}
}

@book{sutton2018reinforcement,
  title={Reinforcement learning: An introduction},
  author={Sutton, Richard S and Barto, Andrew G},
  year={2018},
  publisher={MIT press}
}

%%%%%%%%%%% A-star %%%%%%%%%%%%%%
@article{hart1968formal,
  title={A formal basis for the heuristic determination of minimum cost paths},
  author={Hart, Peter E and Nilsson, Nils J and Raphael, Bertram},
  journal={IEEE transactions on Systems Science and Cybernetics},
  volume={4},
  number={2},
  pages={100--107},
  year={1968},
  publisher={IEEE}
}

%%%%%%%%%%% Gas Model %%%%%%%%%%%%%
@article{crimaldi2002relationship,
  title={The relationship between mean and instantaneous structure in turbulent passive scalar plumes},
  author={Crimaldi, John P and Wiley, Megan B and Koseff, Jeffrey R},
  journal={Journal of Turbulence},
  volume={3},
  number={14},
  pages={1--24},
  year={2002},
  publisher={Taylor \& Francis}
}

@article{farrell2002filament,
  title={Filament-based atmospheric dispersion model to achieve short time-scale structure of odor plumes},
  author={Farrell, Jay A and Murlis, John and Long, Xuezhu and Li, Wei and Card{\'e}, Ring T},
  journal={Environmental fluid mechanics},
  volume={2},
  number={1-2},
  pages={143--169},
  year={2002},
  publisher={Springer}
}

@article{elkinton1984evaluation,
  title={Evaluation of time-average dispersion models for estimating pheromone concentration in a deciduous forest},
  author={Elkinton, JS and Card{\'e}, RT and Mason, CJ},
  journal={Journal of chemical ecology},
  volume={10},
  number={7},
  pages={1081--1108},
  year={1984},
  publisher={Springer}
}

%%%%%%%%%%%% Manhattan distance %%%%%%%%%%%%%%
@inproceedings{chang2009compute,
  title={Compute pairwise manhattan distance and pearson correlation coefficient of data points with gpu},
  author={Chang, Dar-Jen and Desoky, Ahmed H and Ouyang, Ming and Rouchka, Eric C},
  booktitle={2009 10th ACIS International Conference on Software Engineering, Artificial Intelligences, Networking and Parallel/Distributed Computing},
  pages={501--506},
  year={2009},
  organization={IEEE}
}

%%%%%%%%%%%%%%%% Robot %%%%%%%%%%%%%%%%%%%

@article{dunbabin2012robots,
  title={Robots for environmental monitoring: {Significant} advancements and applications},
  author={Dunbabin, Matthew and Marques, Lino},
  journal={IEEE Robotics \& Automation Magazine},
  volume={19},
  number={1},
  pages={24--39},
  year={2012},
  publisher={IEEE}
}

@article{neumann2013gas,
  title={Gas source localization with a micro-drone using bio-inspired and particle filter-based algorithms},
  author={Neumann, Patrick P and Hernandez Bennetts, Victor and Lilienthal, Achim J and Bartholmai, Matthias and Schiller, Jochen H},
  journal={Advanced Robotics},
  volume={27},
  number={9},
  pages={725--738},
  year={2013},
  publisher={Taylor \& Francis}
}

@inproceedings{wang2017dynamic,
  title={Dynamic pollutant plume front tracking and monitoring by a single mobile robot},
  author={Wang, Jun-Wei and Guo, Yi and Zhang, Lan},
  booktitle={2017 Chinese Automation Congress (CAC)},
  pages={2987--2992},
  year={2017},
  organization={IEEE}
}

 @article{soldan2012robogasinspector,
  title={Robogasinspector-a mobile robotic system for remote leak sensing and localization in large industrial environments: Overview and first results},
  author={Soldan, Samuel and Bonow, Gero and Kroll, Andreas},
  journal={IFAC Proceedings Volumes},
  volume={45},
  number={8},
  pages={33--38},
  year={2012},
  publisher={Elsevier}
}

@inproceedings{ferri2008novel,
  title={A novel method for hydrothermal vents prospecting using an autonomous underwater robot},
  author={Ferri, Gabriele and Jakuba, Michael V and Yoerger, Dana R},
  booktitle={2008 IEEE International Conference on Robotics and Automation},
  pages={1055--1060},
  year={2008},
  organization={IEEE}
}
@article{russell2004robotic,
  title={Robotic location of underground chemical sources},
  author={Russell, R Andrew},
  journal={Robotica},
  volume={22},
  number={1},
  pages={109--115},
  year={2004},
  publisher={Cambridge University Press}
}

@article{silver2016mastering,
  title={Mastering the game of Go with deep neural networks and tree search},
  author={Silver, David and Huang, Aja and Maddison, Chris J and Guez, Arthur and Sifre, Laurent and Van Den Driessche, George and Schrittwieser, Julian and Antonoglou, Ioannis and Panneershelvam, Veda and Lanctot, Marc and others},
  journal={nature},
  volume={529},
  number={7587},
  pages={484},
  year={2016},
  publisher={Nature Publishing Group}
}

%%%%%%%%%% Fuzzy Control %%%%%%%%%%%%
@article{zadeh1965fuzzy,
  title={Fuzzy sets},
  author={Zadeh, Lotfi A},
  journal={Information and control},
  volume={8},
  number={3},
  pages={338--353},
  year={1965},
  publisher={Elsevier}
}

@article{singhala2014temperature,
  title={Temperature control using fuzzy logic},
  author={Singhala, Piyush and Shah, Dhrumil and Patel, Bhavikkumar},
  journal={arXiv preprint arXiv:1402.3654},
  year={2014}
}

@article{sousa1994fuzzy,
  title={A fuzzy set theory based control of a phase-controlled converter DC machine drive},
  author={Sousa, Gilberto CD and Bose, Bimal K},
  journal={IEEE Transactions on industry Applications},
  volume={30},
  number={1},
  pages={34--44},
  year={1994},
  publisher={IEEE}
}

@article{bose1994expert,
  title={Expert system, fuzzy logic, and neural network applications in power electronics and motion control},
  author={Bose, Bimal K},
  journal={Proceedings of the IEEE},
  volume={82},
  number={8},
  pages={1303--1323},
  year={1994},
  publisher={IEEE}
}

@article{pratama2015evolving,
  title={Evolving type-2 fuzzy classifier},
  author={Pratama, Mahardhika and Lu, Jie and Zhang, Guangquan},
  journal={IEEE Transactions on Fuzzy Systems},
  volume={24},
  number={3},
  pages={574--589},
  year={2015},
  publisher={IEEE}
}

@article{schneider1994uncertainty,
  title={On uncertainty management in fuzzy inference procedures},
  author={Schneider, Mordechay and Kandel, Abraham},
  journal={Information sciences},
  volume={79},
  number={3-4},
  pages={181--190},
  year={1994},
  publisher={Elsevier}
}

@inproceedings{li2008probability,
  title={Probability-PSO algorithm for multi-robot based odor source localization in ventilated indoor environments},
  author={Li, Fei and Meng, Qing-Hao and Bai, Shuang and Li, Ji-Gong and Popescu, Dorin},
  booktitle={International Conference on Intelligent Robotics and Applications},
  pages={1206--1215},
  year={2008},
  organization={Springer}
}

@inproceedings{pfeiffer2017perception,
  title={From perception to decision: A data-driven approach to end-to-end motion planning for autonomous ground robots},
  author={Pfeiffer, Mark and Schaeuble, Michael and Nieto, Juan and Siegwart, Roland and Cadena, Cesar},
  booktitle={2017 ieee international conference on robotics and automation (icra)},
  pages={1527--1533},
  year={2017},
  organization={IEEE}
}

@article{girija2016tensorflow,
  title={Tensorflow: Large-scale machine learning on heterogeneous distributed systems},
  author={Girija, Sanjay Surendranath},
  journal={Software available from tensorflow. org},
  volume={39},
  number={9},
  year={2016}
}

@article{pyk2006artificial,
  title={An artificial moth: Chemical source localization using a robot based neuronal model of moth optomotor anemotactic search},
  author={Pyk, Pawel and i Badia, Sergi Berm{\'u}dez and Bernardet, Ulysses and Kn{\"u}sel, Philipp and Carlsson, Mikael and Gu, Jing and Chanie, Eric and Hansson, Bill S and Pearce, Tim C and Verschure, Paul FMJ},
  journal={Autonomous Robots},
  volume={20},
  number={3},
  pages={197--213},
  year={2006},
  publisher={Springer},
  doi={10.1007/s10514-006-7101-4}
}

@article{shigaki2019modeling,
  title={Modeling of the Adaptive Chemical Plume Tracing Algorithm of an Insect Using Fuzzy Inference},
  author={Shigaki, Shunsuke and Shiota, Yusuke and Kurabayashi, Daisuke and Kanzaki, Ryohei},
  journal={IEEE Transactions on Fuzzy Systems},
  volume={28},
  number={1},
  pages={72--84},
  year={2019},
  publisher={IEEE},
  doi={10.1109/tfuzz.2019.2915187}
}

@inproceedings{lochmatter2009tracking,
  title={Tracking odor plumes in a laminar wind field with bio-inspired algorithms},
  author={Lochmatter, Thomas and Martinoli, Alcherio},
  booktitle={Experimental robotics},
  pages={473--482},
  year={2009},
  organization={Springer},
  doi={10.1007/978-3-642-00196-3_54}
}


@article{kingma2014adam,
  title={Adam: A method for stochastic optimization},
  author={Kingma, Diederik P and Ba, Jimmy},
  journal={arXiv preprint arXiv:1412.6980},
  year={2014}
}

@book{alpaydin2020introduction,
  title={Introduction to machine learning},
  author={Alpaydin, Ethem},
  year={2020},
  publisher={MIT press}
}

@article{kelley1960gradient,
  title={Gradient theory of optimal flight paths},
  author={Kelley, Henry J},
  journal={Ars Journal},
  volume={30},
  number={10},
  pages={947--954},
  year={1960}
}

@article{wang2020olfactory,
  author={Wang, Lingxiao and Pang, Shuo and Li, Jinlong},  
  journal={IEEE Transactions on Fuzzy Systems},   title={Olfactory-Based Navigation via Model-Based Reinforcement Learning and Fuzzy Inference Methods}, year={2021},  
  volume={29},  
  number={10},  pages={3014-3027},  doi={10.1109/TFUZZ.2020.3011741}
}

@inproceedings{celik2007fire,
  title={Fire pixel classification using fuzzy logic and statistical color model},
  author={Celik, Turgay and Ozkaramanli, Huseyin and Demirel, Hasan},
  booktitle={2007 IEEE International Conference on Acoustics, Speech and Signal Processing-ICASSP'07},
  volume={1},
  pages={I--1205},
  year={2007},
  organization={IEEE}
}

@inproceedings{chen2004early,
  title={An early fire-detection method based on image processing},
  author={Chen, Thou-Ho and Wu, Ping-Hsueh and Chiou, Yung-Chuen},
  booktitle={2004 International Conference on Image Processing, 2004. ICIP'04.},
  volume={3},
  pages={1707--1710},
  year={2004},
  organization={IEEE}
}

@inproceedings{schuller2003hidden,
  title={Hidden Markov model-based speech emotion recognition},
  author={Schuller, Bj{\"o}rn and Rigoll, Gerhard and Lang, Manfred},
  booktitle={2003 IEEE International Conference on Acoustics, Speech, and Signal Processing, 2003. Proceedings.(ICASSP'03).},
  volume={2},
  pages={II--1},
  year={2003},
  organization={IEEE}
}

@article{fu2019pollution,
  title={Pollution source localization based on multi-UAV cooperative communication},
  author={Fu, Zhangjie and Chen, Yiming and Ding, Yongjie and He, Daojing},
  journal={IEEE Access},
  volume={7},
  pages={29304--29312},
  year={2019},
  publisher={IEEE}
}

@inproceedings{castro2018odor,
  title={Odor Source Localization on a Nano Quadcopter},
  author={Castro, Alexander and Magnezi, Nevo and Sintayehu, Biruk and Quinto, Alexander and Abshire, Pamela},
  booktitle={2018 IEEE Biomedical Circuits and Systems Conference (BioCAS)},
  pages={1--4},
  year={2018},
  organization={IEEE}
}

@inproceedings{yang2020uav,
  title={UAV-based Odor Source Localization in Multi-Building Environments Using Simulated Annealing Algorithm},
  author={Yang, Zi-Zhen and Jing, Tao and Meng, Qing-Hao},
  booktitle={2020 39th Chinese Control Conference (CCC)},
  pages={3806--3811},
  year={2020},
  organization={IEEE}
}

@article{casbeer2006cooperative,
  title={Cooperative forest fire surveillance using a team of small unmanned air vehicles},
  author={Casbeer, David W and Kingston, Derek B and Beard, Randal W and McLain, Timothy W},
  journal={International Journal of Systems Science},
  volume={37},
  number={6},
  pages={351--360},
  year={2006},
  publisher={Taylor \& Francis}
}

@incollection{alexis2009coordination,
  title={Coordination of helicopter UAVs for aerial forest-fire surveillance},
  author={Alexis, Kostas and Nikolakopoulos, George and Tzes, Anthony and Dritsas, Leonidas},
  booktitle={Applications of intelligent control to engineering systems},
  pages={169--193},
  year={2009},
  publisher={Springer}
}

@inproceedings{pham2017distributed,
  title={A distributed control framework for a team of unmanned aerial vehicles for dynamic wildfire tracking},
  author={Pham, Huy X and La, Hung M and Feil-Seifer, David and Deans, Matthew},
  booktitle={2017 IEEE/RSJ International Conference on Intelligent Robots and Systems (IROS)},
  pages={6648--6653},
  year={2017},
  organization={IEEE}
}

@article{kumar2011cooperative,
  title={Cooperative control of multiple uninhabited aerial vehicles for monitoring and fighting wildfires},
  author={Kumar, Manish and Cohen, Kelly and HomChaudhuri, Baisravan},
  journal={Journal of Aerospace Computing, Information, and Communication},
  volume={8},
  number={1},
  pages={1--16},
  year={2011}
}

@inproceedings{sujit2007cooperative,
  title={Cooperative forest fire monitoring using multiple UAVs},
  author={Sujit, PB and Kingston, Derek and Beard, Randy},
  booktitle={2007 46th IEEE Conference on Decision and Control},
  pages={4875--4880},
  year={2007},
  organization={IEEE}
}

@inproceedings{afghah2019wildfire,
  title={Wildfire monitoring in remote areas using autonomous unmanned aerial vehicles},
  author={Afghah, Fatemeh and Razi, Abolfazl and Chakareski, Jacob and Ashdown, Jonathan},
  booktitle={IEEE INFOCOM 2019-IEEE Conference on Computer Communications Workshops (INFOCOM WKSHPS)},
  pages={835--840},
  year={2019},
  organization={IEEE}
}

@inproceedings{eu2014airflow,
  title={An airflow analysis study of quadrotor based flying sniffer robot},
  author={Eu, Kok Seng and Yap, Kian Meng and Tee, Tiam Hee},
  booktitle={Applied Mechanics and Materials},
  volume={627},
  pages={246--250},
  year={2014},
  organization={Trans Tech Publ}
}

@inproceedings{osorio2011mobile,
  title={Mobile Robot Odor Plume Tracking using Three Dimensional Information.},
  author={Os{\'o}rio, Lu{\'\i}s and Cabrita, Gon{\c{c}}alo and Marques, Lino},
  booktitle={ECMR},
  pages={165--170},
  year={2011}
}

@article{nelson2019multipollutant,
  title={A multipollutant smoke emissions sensing and sampling instrument package for unmanned aircraft systems: development and testing},
  author={Nelson, Kellen N and Boehmler, Jayne M and Khlystov, Andrey Y and Moosm{\"u}ller, Hans and Samburova, Vera and Bhattarai, Chiranjivi and Wilcox, Eric M and Watts, Adam C},
  journal={Fire},
  volume={2},
  number={2},
  pages={32},
  year={2019},
  publisher={Multidisciplinary Digital Publishing Institute}
}

@article{yuan2019learning,
  title={Learning-based smoke detection for unmanned aerial vehicles applied to forest fire surveillance},
  author={Yuan, Chi and Liu, Zhixiang and Zhang, Youmin},
  journal={Journal of Intelligent \& Robotic Systems},
  volume={93},
  number={1},
  pages={337--349},
  year={2019},
  publisher={Springer}
}

@article{bu2019intelligent,
  title={Intelligent and vision-based fire detection systems: A survey},
  author={Bu, Fengju and Gharajeh, Mohammad Samadi},
  journal={Image and vision computing},
  volume={91},
  pages={103803},
  year={2019},
  publisher={Elsevier}
}

@article{khatami2017new,
  title={A new PSO-based approach to fire flame detection using K-Medoids clustering},
  author={Khatami, Amin and Mirghasemi, Saeed and Khosravi, Abbas and Lim, Chee Peng and Nahavandi, Saeid},
  journal={Expert Systems with Applications},
  volume={68},
  pages={69--80},
  year={2017},
  publisher={Elsevier}
}

@article{kuang2014smelling,
  title={Smelling directions: olfaction modulates ambiguous visual motion perception},
  author={Kuang, Shenbing and Zhang, Tao},
  journal={Scientific reports},
  volume={4},
  number={1},
  pages={1--5},
  year={2014},
  publisher={Nature Publishing Group}
}

@article{bouguettaya2022review,
  title={A review on early wildfire detection from unmanned aerial vehicles using deep learning-based computer vision algorithms},
  author={Bouguettaya, Abdelmalek and Zarzour, Hafed and Taberkit, Amine Mohammed and Kechida, Ahmed},
  journal={Signal Processing},
  volume={190},
  pages={108309},
  year={2022},
  publisher={Elsevier}
}

@inproceedings{alexandrov2019analysis,
  title={Analysis of machine learning methods for wildfire security monitoring with an unmanned aerial vehicles},
  author={Alexandrov, Dmitriy and Pertseva, Elizaveta and Berman, Ivan and Pantiukhin, Igor and Kapitonov, Aleksandr},
  booktitle={2019 24th conference of open innovations association (FRUCT)},
  pages={3--9},
  year={2019},
  organization={IEEE}
}

@article{muhammad2018convolutional,
  title={Convolutional neural networks based fire detection in surveillance videos},
  author={Muhammad, Khan and Ahmad, Jamil and Mehmood, Irfan and Rho, Seungmin and Baik, Sung Wook},
  journal={IEEE Access},
  volume={6},
  pages={18174--18183},
  year={2018},
  publisher={IEEE}
}

@inproceedings{kang2019image,
  title={Image-based real-time fire detection using deep learning with data augmentation for vision-based surveillance applications},
  author={Kang, Li-Wei and Wang, I-Shan and Chou, Ke-Lin and Chen, Shih-Yu and Chang, Chuan-Yu},
  booktitle={2019 16th IEEE International Conference on Advanced Video and Signal Based Surveillance (AVSS)},
  pages={1--4},
  year={2019},
  organization={IEEE}
}

@article{jin2018color,
  title={Color image encryption in non-RGB color spaces},
  author={Jin, Xin and Yin, Sui and Liu, Ningning and Li, Xiaodong and Zhao, Geng and Ge, Shiming},
  journal={Multimedia Tools and Applications},
  volume={77},
  number={12},
  pages={15851--15873},
  year={2018},
  publisher={Springer}
}

@article{ko2014fire,
  title={Fire detection and 3D surface reconstruction based on stereoscopic pictures and probabilistic fuzzy logic},
  author={Ko, ByoungChul and Jung, Ji-Hun and Nam, Jae-Yeal},
  journal={Fire safety journal},
  volume={68},
  pages={61--70},
  year={2014},
  publisher={Elsevier}
}

@article{govil2020preliminary,
  title={Preliminary results from a wildfire detection system using deep learning on remote camera images},
  author={Govil, Kinshuk and Welch, Morgan L and Ball, J Timothy and Pennypacker, Carlton R},
  journal={Remote Sensing},
  volume={12},
  number={1},
  pages={166},
  year={2020},
  publisher={Multidisciplinary Digital Publishing Institute}
}

@misc{HPWREN,
  title = {HPWREN},
  howpublished = {\url{https://hpwren.ucsd.edu/cameras}},
  note = {Accessed: 2022-02-02}
}

@misc{AlertWildfire,
  title = {AlertWildfire},
  howpublished = {\url{https://www.alertwildfire.org}},
  note = {Accessed: 2022-02-02}
}

@misc{ForestWatch,
  title = {ForestWatch},
  howpublished = {\url{http://evsusa.biz/productsservices/forestwatch}},
  note = {Accessed: 2022-02-02}
}


@inproceedings{szegedy2016rethinking,
  title={Rethinking the inception architecture for computer vision},
  author={Szegedy, Christian and Vanhoucke, Vincent and Ioffe, Sergey and Shlens, Jon and Wojna, Zbigniew},
  booktitle={Proceedings of the IEEE conference on computer vision and pattern recognition},
  pages={2818--2826},
  year={2016}
}


@article{redmon2015you,
  title={You only look once: Unified, real-time object detection. arXiv 2015},
  author={Redmon, J and Divvala, S and Girshick, R and Farhadi, A},
  journal={arXiv preprint arXiv:1506.02640},
  year={2015}
}

@article{krull2012early,
  title={Early forest fire detection and verification using optical smoke, gas and microwave sensors},
  author={Kr{\"u}ll, Wolfgang and Tobera, Robert and Willms, Ingolf and Essen, Helmut and Von Wahl, Nora},
  journal={Procedia Engineering},
  volume={45},
  pages={584--594},
  year={2012},
  publisher={Elsevier}
}

@inproceedings{ma2018early,
  title={An early forest fire detection method based on unmanned aerial vehicle vision},
  author={Ma, Sha and Zhang, Youmin and Xin, Jing and Yi, Yingmin and Liu, Ding and Liu, Han},
  booktitle={2018 Chinese Control And Decision Conference (CCDC)},
  pages={6344--6349},
  year={2018},
  organization={IEEE}
}

@inproceedings{hu2019wildfire,
  title={Wildfire Monitoring with Uneven Importance Using Multiple Unmanned Aircraft Systems},
  author={Hu, Xiaolin and Bent, John and Sun, Jiawei},
  booktitle={2019 International Conference on Unmanned Aircraft Systems (ICUAS)},
  pages={1270--1279},
  year={2019},
  organization={IEEE}
}

@inproceedings{zheng2003convergence,
  title={On the convergence analysis and parameter selection in particle swarm optimization},
  author={Zheng, Yong-Ling and Ma, Long-Hua and Zhang, Li-Yan and Qian, Ji-Xin},
  booktitle={Proceedings of the 2003 International Conference on Machine Learning and Cybernetics (IEEE Cat. No. 03EX693)},
  volume={3},
  pages={1802--1807},
  year={2003},
  organization={IEEE}
}

@inproceedings{eberhart2001tracking,
  title={Tracking and optimizing dynamic systems with particle swarms},
  author={Eberhart, Russell C and Shi, Yuhui},
  booktitle={Proceedings of the 2001 congress on evolutionary computation (IEEE Cat. No. 01TH8546)},
  volume={1},
  pages={94--100},
  year={2001},
  organization={IEEE}
}

@inproceedings{eberhart2000comparing,
  title={Comparing inertia weights and constriction factors in particle swarm optimization},
  author={Eberhart, Russ C and Shi, Yuhui},
  booktitle={Proceedings of the 2000 congress on evolutionary computation. CEC00 (Cat. No. 00TH8512)},
  volume={1},
  pages={84--88},
  year={2000},
  organization={IEEE}
}

@article{rostami2019obstacle,
  title={Obstacle avoidance of mobile robots using modified artificial potential field algorithm},
  author={Rostami, Seyyed Mohammad Hosseini and Sangaiah, Arun Kumar and Wang, Jin and Liu, Xiaozhu},
  journal={EURASIP Journal on Wireless Communications and Networking},
  volume={2019},
  number={1},
  pages={1--19},
  year={2019},
  publisher={Springer}
}

@incollection{martinez2007multi,
  title={Multi-UAV experiments: application to forest fires},
  author={Mart{\'\i}nez-de-Dios, JR and Merino, Luis and Ollero, An{\'\i}bal and Ribeiro, Luis M and Viegas, Xavier},
  booktitle={Multiple heterogeneous unmanned aerial vehicles},
  pages={207--228},
  year={2007},
  publisher={Springer}
}
@article{hiers2020prescribed,
  title={Prescribed fire science: the case for a refined research agenda},
  author={Hiers, J Kevin and O’Brien, Joseph J and Varner, J Morgan and Butler, Bret W and Dickinson, Matthew and Furman, James and Gallagher, Michael and Godwin, David and Goodrick, Scott L and Hood, Sharon M and others},
  journal={Fire Ecology},
  volume={16},
  number={1},
  pages={1--15},
  year={2020},
  publisher={Springer}
}

@article{zhao2018saliency,
  title={Saliency detection and deep learning-based wildfire identification in UAV imagery},
  author={Zhao, Yi and Ma, Jiale and Li, Xiaohui and Zhang, Jie},
  journal={Sensors},
  volume={18},
  number={3},
  pages={712},
  year={2018},
  publisher={Multidisciplinary Digital Publishing Institute}
}

@inproceedings{yuan2016vision,
  title={Vision-based forest fire detection in aerial images for firefighting using UAVs},
  author={Yuan, Chi and Liu, Zhixiang and Zhang, Youmin},
  booktitle={2016 International Conference on Unmanned Aircraft Systems (ICUAS)},
  pages={1200--1205},
  year={2016},
  organization={IEEE}
}


@article{geetha2021machine,
  title={Machine Vision Based Fire Detection Techniques: A Survey},
  author={Geetha, S and Abhishek, CS and Akshayanat, CS},
  journal={Fire Technology},
  volume={57},
  number={2},
  pages={591--623},
  year={2021},
  publisher={Springer}
}

@inproceedings{sun2018motivating,
  title={Motivating Students to Learn a Programming Language: Applying a Second Language Acquisition Approach in a Blended Learning Environment},
  author={Sun, L. and Frederick, C. and Ding, L. and Griggs, A. and Espejo, P.S.},
  booktitle={ASEE Annual Conference, Salt Lake City, UT.},
  pages={84--88},
  year={2018}
}

@inproceedings{Gu2018Motivating,
  title={Motivating Student's Programming Language Study by Applying Second Language Acquisition},
  author={Gu, L. and Sun, L.},
  booktitle={ASEE SE Section Annual Conference, Daytona Beach, FL, March 4-6},
  year={2018}
}

@inproceedings{sun2018get,
  title={Get Rid of Your Students’ Fear and Intimidation of Learning a Programming Language},
  author={Sun, L. and Frederick, C. and Liron, C. and Ding, L. and Pierce, M. and Griggs, A.},
  booktitle={ASEE SE Section Annual Conference, Daytona Beach, FL, March 4-6},
  year={2018}
}

@inproceedings{sun2018teaching,
  title={Teaching Programming Language as a Second Language},
  author={Sun, L. and Frederick, C.},
  booktitle={7th International Conference on Engineering and Applied Sciences, July 4-6, Hong Kong},
  year={2017}
}

@inproceedings{sun2017work,
  title={Work in Progress: Using Second Language Acquisition Techniques to Teach Programming - Results from a Two-Year Project},
  author={Frederick, C. and Sun, L.},
  booktitle={ASEE Annual Conference, Columbus, OH, June 24-28},
  year={2017}
}

@inproceedings{sun2017the,
  title={The Application of Second Language Acquisition to Programming Language Study},
  author={Frederick, C. and Sun, L.},
  booktitle={ASEE Annual Conference, Columbus, OH, June 24-28},
  year={2017}
}

@inproceedings{sun2017a,
  title={A Human Factors Perspective on Learning Programming Languages using a Second Language Acquisition Approach},
  author={Rohmeyer, R. and Espejo, P. and Sun, L. and Frederick, C.},
  booktitle={2017 ASEE Zone II Conference, San Juan, Puerto Rico, March 2-5},
  year={2017}
}

@inproceedings{sun2017can,
  title={Can We Teach a Programming Language as a Second Language?},
  author={Sun, L. and Frederick, C. and Espejo, P. and Cunningham, R.M.},
  booktitle={ASEE Annual Conference, New Orleans, LA, June 26-29},
  year={2016}
}

@inproceedings{frederick2016implementation,
  title={Implementation and Evaluation of a Second Language Acquisition – Based Programming Course},
  author={Frederick, C. and Sun, L. and Liron, C. and Verleger, M. and Cunningham, R.M. and Espejo, P.S.},
  booktitle={ASEE Annual Conference, New Orleans, LA, June 26-29},
  year={2016}
}

@inproceedings{cunningham2016a,
  title={A Second Language Acquisition Approach to Learning Programming Languages},
  author={Cunningham, R. and Sanjuan, E.P. and Frederick, C. and Sun, L. and Ding, L.},
  booktitle={ASEE SE Section Annual Conference, Tuscaloosa, AL, March 13-15},
  year={2016}
}

@inproceedings{sun2016a,
  title={Applying Second Language Acquisition to Facilitate a Blended Learning of Programming Languages},
  author={Sun, L. and Frederick, Tina},
  booktitle={ASEE Annual Conference, Seattle, WA, June 14-17},
  year={2015}
}

@ARTICLE{Stark2018,
  author={Stark, Emily and Pitt, Jeremy and Nur Wicaksono, Alfian and Milanovic, Kristina and Lush, Victoria and Hoover, Stephen},
  journal={IEEE Technology and Society Magazine}, 
  title={Odorveillance and the Ethics of Robotic Olfaction [Opinion]}, 
  year={2018},
  volume={37},
  number={4},
  pages={16-19},
  doi={10.1109/MTS.2018.2876103}}
  
  @article{lin2018kalman,
  title={Kalman filter-based large-scale wildfire monitoring with a system of UAVs},
  author={Lin, Zhongjie and Liu, Hugh HT and Wotton, Mike},
  journal={IEEE Transactions on Industrial Electronics},
  volume={66},
  number={1},
  pages={606--615},
  year={2018},
  publisher={IEEE}
}

@article{lin2018topology,
  title={Topology-based distributed optimization for multi-UAV cooperative wildfire monitoring},
  author={Lin, Zhongjie and Liu, Hugh HT},
  journal={Optimal Control Applications and Methods},
  volume={39},
  number={4},
  pages={1530--1548},
  year={2018},
  publisher={Wiley Online Library}
}
@inproceedings{arrieta2003initial,
  title={Initial development and testing of an adaptive mission planner for a small unmanned underwater vehicle},
  author={Arrieta, Richard M and Farrell, Jay A and Li, Wei and Pang, Shuo},
  booktitle={International Conference on Offshore Mechanics and Arctic Engineering},
  volume={36835},
  pages={609--617},
  year={2003}
}
@inproceedings{farrell2004biologically,
  title={Biologically inspired chemical plume tracing on an autonomous underwater vehicle},
  author={Farrell, Jay A and Pang, Shuo and Li, Wei and Arrieta, Richard M},
  booktitle={2004 IEEE International Conference on Systems, Man and Cybernetics (IEEE Cat. No. 04CH37583)},
  volume={7},
  pages={5991--5996},
  year={2004},
  organization={IEEE}
}

@techreport{gracey1980measurement,
  title={Measurement of aircraft speed and altitude},
  author={Gracey, William},
  year={1980},
  institution={National Aeronautics and Space Administration Hampton Va Langley Research Center}
}

@article{adkins2020observational,
  title={Observational practices for urban microclimates using meteorologically instrumented unmanned aircraft systems},
  author={Adkins, Kevin and Wambolt, Peter and Sescu, Adrian and Swinford, Christopher and Macchiarella, Nickolas D},
  journal={Atmosphere},
  volume={11},
  number={9},
  pages={1008},
  year={2020},
  publisher={Multidisciplinary Digital Publishing Institute}
}

@inproceedings{Adkins2020,
  title={High-Resolution In Situ Measurement of an Urban Boundary Layer Using Instrumented Unmanned Aerial Systems},
  author={Adkins, K. and Sescu, A. and Wambolt, P. and Swinford, C. and Rentzke, N.},
  booktitle={15th Symposium on the Urban Environment, American Meteorological Society Annual Meeting, Boston, MA},
  year={2020}
}

@inproceedings{Adkins2019,
  title={Nocturnal Observations of Thermodynamic and Kinematic Properties in a Wind Turbine Array Boundary Layer Using an Instrumented Unmanned Aerial System},
  author={Adkins, K. and Sescu, A. and Swinford, C. and Rentzke, N.},
  booktitle={Fall Meeting, AGU, San Francisco, CA},
  year={2019}
}
@inproceedings{Adkins2019_2,
  title={UAS Flight Operations in Complex Terrain: Assessing the Agricultural Impact from Hurricane Maria in the Central Mountainous Region of Puerto Rico and Developing New Data Science Tools},
  author={Adkins, K. and Wambolt, P.},
  booktitle={Xponential 2019, AUVSI, Chicago, IL},
  year={2019}
}
@article{adkins2018analysis,
  title={Analysis of near-surface relative humidity in a wind turbine array boundary layer using an instrumented unmanned aerial system and large-eddy simulation},
  author={Adkins, Kevin A and Sescu, Adrian},
  journal={Wind Energy},
  volume={21},
  number={11},
  pages={1155--1168},
  year={2018},
  publisher={Wiley Online Library}
}

@article{adkins2017observations,
  title={Observations of relative humidity in the near-wake of a wind turbine using an instrumented unmanned aerial system},
  author={Adkins, Kevin A and Sescu, Adrian},
  journal={International Journal of Green Energy},
  volume={14},
  number={10},
  pages={845--860},
  year={2017},
  publisher={Taylor \& Francis}
}
@article{adkins2020development,
  title={Development of a sensor suite for atmospheric boundary layer measurement with a small multirotor unmanned aerial system},
  author={Adkins, Kevin A and Swinford, Christopher J and Wambolt, Peter D and Bease, Gordon},
  journal={International Journal of Aviation, Aeronautics, and Aerospace},
  volume={7},
  number={1},
  pages={4},
  year={2020}
}

@inproceedings{Compere2019,
  title={MoVE: A Mobility Virtual Environment for Testing Multi-Vehicle Scenarios},
  author={Compere, M. and Adkins, K. and Legon, O. and Currier, P.},
  booktitle={Proceedings of the 2019 NDIA Ground Vehicle Systems Engineering and Technology Symposium},
  year={2019}
}

@article{el2015direct,
  title={Direct atmospheric evidence for the irreversible formation of aqueous secondary organic aerosol},
  author={El-Sayed, Marwa MH and Wang, Yingqing and Hennigan, Christopher J},
  journal={Geophysical Research Letters},
  volume={42},
  number={13},
  pages={5577--5586},
  year={2015},
  publisher={Wiley Online Library}
}

@inproceedings{el2019characterizing,
  title={Characterizing Aerosol Liquid Water at Two Contrasting Locations in the Eastern and Western United States},
  author={El-Sayed, Marwa and Benedict, Katherine and Hennigan, Christopher and Collett, Jeff},
  booktitle={2019 AIChE Annual Meeting},
  year={2019},
  organization={AIChE}
}

@article{el2018effects,
  title={The effects of isoprene and NO x on secondary organic aerosols formed through reversible and irreversible uptake to aerosol water},
  author={El-Sayed, Marwa MH and Ortiz-Montalvo, Diana L and Hennigan, Christopher J},
  journal={Atmospheric Chemistry and Physics},
  volume={18},
  number={2},
  pages={1171--1184},
  year={2018},
  publisher={Copernicus GmbH}
}

@article{el2016drying,
  title={Drying-induced evaporation of secondary organic aerosol during summer},
  author={El-Sayed, Marwa MH and Amenumey, Dziedzorm and Hennigan, Christopher J},
  journal={Environmental Science \& Technology},
  volume={50},
  number={7},
  pages={3626--3633},
  year={2016},
  publisher={ACS Publications}
}

@article{hennigan2018detailed,
  title={Detailed characterization of a mist chamber for the collection of water-soluble organic gases},
  author={Hennigan, Christopher J and El-Sayed, Marwa MH and Hodzic, Alma},
  journal={Atmospheric environment},
  volume={188},
  pages={12--17},
  year={2018},
  publisher={Elsevier}
}
@article{benedict2020volatile,
  title={Volatile organic compounds and ozone at four national parks in the southwestern United States},
  author={Benedict, Katherine B and Prenni, Anthony J and El-Sayed, Marwa MH and Hecobian, Arsineh and Zhou, Yong and Gebhart, Kristi A and Sive, Barkley C and Schichtel, Bret A and Collett Jr, Jeffrey L},
  journal={Atmospheric Environment},
  volume={239},
  pages={117783},
  year={2020},
  publisher={Elsevier}
}

@article{el2021impact,
  title={On the impact of the COVID-19 pandemic on air quality in Florida},
  author={El-Sayed, Marwa MH and Elshorbany, Yasin F and Koehler, Kirsten},
  journal={Environmental Pollution},
  volume={285},
  pages={117451},
  year={2021},
  publisher={Elsevier}
}
@misc{BVLOS,
  title = {Censys Sentaero BVLOS},
  howpublished = {\url{https://censystech.com/sentaerobvlos/}},
  note = {Accessed: 2022-02-13}
}

@misc{DJI,
  title = {DJI Matrice 300 RTK},
  howpublished = {\url{https://www.dji.com/matrice-300}},
  note = {Accessed: 2022-02-13}
}

@book{schroeder2005operational,
  title={Operational trial of the forestwatch wildfire smoke detection system},
  author={Schroeder, Dave},
  year={2005},
  publisher={Forest Engineering Research Institute of Canada}
}
@article{weise2018fire,
  title={Fire behavior in chaparral--Evaluating flame models with laboratory data},
  author={Weise, David R and Fletcher, Thomas H and Cole, Wesley and Mahalingam, Shankar and Zhou, Xiangyang and Sun, Lulu and Li, Jing},
  journal={Combustion and Flame},
  volume={191},
  pages={500--512},
  year={2018},
  publisher={Elsevier}
}
@article{sun2006comparison,
  title={Comparison of burning characteristics of live and dead chaparral fuels},
  author={Sun, Lulu and Zhou, Xiangyang and Mahalingam, Shankar and Weise, David R},
  journal={Combustion and Flame},
  volume={144},
  number={1-2},
  pages={349--359},
  year={2006},
  publisher={Elsevier}
}
@article{weise2005fire,
  title={Fire spread in chaparral—‘go or no-go?’},
  author={Weise, David R and Zhou, Xiangyang and Sun, Lulu and Mahalingam, Shankar},
  journal={International Journal of Wildland Fire},
  volume={14},
  number={1},
  pages={99--106},
  year={2005},
  publisher={CSIRO Publishing}
}

@article{clinton2006quantification,
  title={Quantification of pollutants emitted from very large wildland fires in Southern California, USA},
  author={Clinton, Nicholas E and Gong, Peng and Scott, Klaus},
  journal={Atmospheric Environment},
  volume={40},
  number={20},
  pages={3686--3695},
  year={2006},
  publisher={Elsevier}
}
@article{zuidema2021deployment,
  title={Deployment, Calibration, and Cross-Validation of Low-Cost Electrochemical Sensors for Carbon Monoxide, Nitrogen Oxides, and Ozone for an Epidemiological Study},
  author={Zuidema, Christopher and Schumacher, Cooper S and Austin, Elena and Carvlin, Graeme and Larson, Timothy V and Spalt, Elizabeth W and Zusman, Marina and Gassett, Amanda J and Seto, Edmund and Kaufman, Joel D and others},
  journal={Sensors},
  volume={21},
  number={12},
  pages={4214},
  year={2021},
  publisher={Multidisciplinary Digital Publishing Institute}
}
@article{casey2018low,
  title={Low-cost measurement techniques to characterize the influence of home heating fuel on carbon monoxide in Navajo homes},
  author={Casey, Joanna Gordon and Ortega, John and Coffey, Evan and Hannigan, Michael},
  journal={Science of the Total Environment},
  volume={625},
  pages={608--618},
  year={2018},
  publisher={Elsevier}
}
@article{feinberg2019examining,
  title={Examining spatiotemporal variability of urban particulate matter and application of high-time resolution data from a network of low-cost air pollution sensors},
  author={Feinberg, Stephen Neil and Williams, Ron and Hagler, Gayle and Low, Judy and Smith, Larry and Brown, Ryan and Garver, Daniel and Davis, Michael and Morton, Michael and Schaefer, Joe and others},
  journal={Atmospheric environment},
  volume={213},
  pages={579--584},
  year={2019},
  publisher={Elsevier}
}
@article{sousan2016evaluation,
  title={Evaluation of the Alphasense optical particle counter (OPC-N2) and the Grimm portable aerosol spectrometer (PAS-1.108)},
  author={Sousan, Sinan and Koehler, Kirsten and Hallett, Laura and Peters, Thomas M},
  journal={Aerosol Science and Technology},
  volume={50},
  number={12},
  pages={1352--1365},
  year={2016},
  publisher={Taylor \& Francis}
}
@article{mukherjee2017assessing,
  title={Assessing the utility of low-cost particulate matter sensors over a 12-week period in the Cuyama valley of California},
  author={Mukherjee, Anondo and Stanton, Levi G and Graham, Ashley R and Roberts, Paul T},
  journal={Sensors},
  volume={17},
  number={8},
  pages={1805},
  year={2017},
  publisher={Multidisciplinary Digital Publishing Institute}
}
@article{gu2018developing,
  title={Developing a modular unmanned aerial vehicle (UAV) platform for air pollution profiling},
  author={Gu, Qijun and R Michanowicz, Drew and Jia, Chunrong},
  journal={Sensors},
  volume={18},
  number={12},
  pages={4363},
  year={2018},
  publisher={Multidisciplinary Digital Publishing Institute}
}

@article{crilley2018evaluation,
  title={Evaluation of a low-cost optical particle counter (Alphasense OPC-N2) for ambient air monitoring},
  author={Crilley, Leigh R and Shaw, Marvin and Pound, Ryan and Kramer, Louisa J and Price, Robin and Young, Stuart and Lewis, Alastair C and Pope, Francis D},
  journal={Atmospheric Measurement Techniques},
  volume={11},
  number={2},
  pages={709--720},
  year={2018},
  publisher={Copernicus GmbH}
}
@article{alvarado2017methodology,
  title={A methodology to monitor airborne PM10 dust particles using a small unmanned aerial vehicle},
  author={Alvarado, Miguel and Gonzalez, Felipe and Erskine, Peter and Cliff, David and Heuff, Darlene},
  journal={Sensors},
  volume={17},
  number={2},
  pages={343},
  year={2017},
  publisher={Multidisciplinary Digital Publishing Institute}
}
@misc{CO-B4,
  title = {Alphasense CO-B4 sensor},
  howpublished = {\url{https://www.alphasense.com/products/carbon-monoxide-sensors/}},
  note = {Accessed: 2022-02-13}
}
@misc{OPC-N3,
  title = {Alphasense OPC N3 sensor},
  howpublished = {\url{https://www.alphasense.com/products/optical-particle-counter/}},
  note = {Accessed: 2022-02-13}
}



@article{monroy2019olfaction,
  title={Olfaction, Vision, and Semantics for Mobile Robots. Results of the IRO Project},
  author={Monroy, Javier and Ruiz-Sarmiento, Jose-Raul and Moreno, Francisco-Angel and Galindo, Cipriano and Gonzalez-Jimenez, Javier},
  journal={Sensors},
  volume={19},
  number={16},
  pages={3488},
  year={2019},
  publisher={MDPI}
}

@article{burgues2019smelling,
  title={Smelling nano aerial vehicle for gas source localization and mapping},
  author={Burgu{\'e}s, Javier and Hern{\'a}ndez, Victor and Lilienthal, Achim J and Marco, Santiago},
  journal={Sensors},
  volume={19},
  number={3},
  pages={478},
  year={2019},
  publisher={MDPI}
}

@inproceedings{wang2023vision,
  title={Vision and Olfactory-Based Wildfire Monitoring with Uncrewed Aircraft Systems},
  author={Wang, Lingxiao and Pang, Shuo and Noyela, Mantasha and Adkins, Kevin and Sun, Lulu and El-Sayed, Marwa},
  booktitle={2023 20th International Conference on Ubiquitous Robots (UR)},
  pages={716--723},
  year={2023},
  organization={IEEE}
}

@article{devlin2018bert,
  title={Bert: Pre-training of deep bidirectional transformers for language understanding},
  author={Devlin, Jacob and Chang, Ming-Wei and Lee, Kenton and Toutanova, Kristina},
  journal={arXiv preprint arXiv:1810.04805},
  year={2018}
}

@article{brown2020language,
  title={Language models are few-shot learners},
  author={Brown, Tom and Mann, Benjamin and Ryder, Nick and Subbiah, Melanie and Kaplan, Jared D and Dhariwal, Prafulla and Neelakantan, Arvind and Shyam, Pranav and Sastry, Girish and Askell, Amanda and others},
  journal={Advances in neural information processing systems},
  volume={33},
  pages={1877--1901},
  year={2020}
}

@article{vaswani2017attention,
  title={Attention is all you need},
  author={Vaswani, Ashish and Shazeer, Noam and Parmar, Niki and Uszkoreit, Jakob and Jones, Llion and Gomez, Aidan N and Kaiser, {\L}ukasz and Polosukhin, Illia},
  journal={Advances in neural information processing systems},
  volume={30},
  year={2017}
}

@article{chaurasia2013depth,
  title={Depth synthesis and local warps for plausible image-based navigation},
  author={Chaurasia, Gaurav and Duchene, Sylvain and Sorkine-Hornung, Olga and Drettakis, George},
  journal={ACM Transactions on Graphics (TOG)},
  volume={32},
  number={3},
  pages={1--12},
  year={2013},
  publisher={ACM New York, NY, USA}
}

@article{liu2023summary,
  title={Summary of chatgpt/gpt-4 research and perspective towards the future of large language models},
  author={Liu, Yiheng and Han, Tianle and Ma, Siyuan and Zhang, Jiayue and Yang, Yuanyuan and Tian, Jiaming and He, Hao and Li, Antong and He, Mengshen and Liu, Zhengliang and others},
  journal={arXiv preprint arXiv:2304.01852},
  year={2023}
}

@article{wang2021simvlm,
  title={Simvlm: Simple visual language model pretraining with weak supervision},
  author={Wang, Zirui and Yu, Jiahui and Yu, Adams Wei and Dai, Zihang and Tsvetkov, Yulia and Cao, Yuan},
  journal={arXiv preprint arXiv:2108.10904},
  year={2021}
}

@inproceedings{radford2021learning,
  title={Learning transferable visual models from natural language supervision},
  author={Radford, Alec and Kim, Jong Wook and Hallacy, Chris and Ramesh, Aditya and Goh, Gabriel and Agarwal, Sandhini and Sastry, Girish and Askell, Amanda and Mishkin, Pamela and Clark, Jack and others},
  booktitle={International conference on machine learning},
  pages={8748--8763},
  year={2021},
  organization={PMLR}
}

@article{gu2021open,
  title={Open-vocabulary object detection via vision and language knowledge distillation},
  author={Gu, Xiuye and Lin, Tsung-Yi and Kuo, Weicheng and Cui, Yin},
  journal={arXiv preprint arXiv:2104.13921},
  year={2021}
}

@inproceedings{ghiasi2022scaling,
  title={Scaling open-vocabulary image segmentation with image-level labels},
  author={Ghiasi, Golnaz and Gu, Xiuye and Cui, Yin and Lin, Tsung-Yi},
  booktitle={European Conference on Computer Vision},
  pages={540--557},
  year={2022},
  organization={Springer}
}

@article{michaelis2020odor,
  title={Odor tracking in aquatic organisms: the importance of temporal and spatial intermittency of the turbulent plume},
  author={Michaelis, Brenden T and Leathers, Kyle W and Bobkov, Yuriy V and Ache, Barry W and Principe, Jose C and Baharloo, Raheleh and Park, Il Memming and Reidenbach, Matthew A},
  journal={Scientific reports},
  volume={10},
  number={1},
  pages={7961},
  year={2020},
  publisher={Nature Publishing Group UK London}
}

@article{matheson2022neural,
  title={A neural circuit for wind-guided olfactory navigation},
  author={Matheson, Andrew MM and Lanz, Aaron J and Medina, Ashley M and Licata, Al M and Currier, Timothy A and Syed, Mubarak H and Nagel, Katherine I},
  journal={Nature Communications},
  volume={13},
  number={1},
  pages={4613},
  year={2022},
  publisher={Nature Publishing Group UK London}
}

@inproceedings{yarats2020image,
  title={Image augmentation is all you need: Regularizing deep reinforcement learning from pixels},
  author={Yarats, Denis and Kostrikov, Ilya and Fergus, Rob},
  booktitle={International conference on learning representations},
  year={2020}
}

@article{shah2021rrl,
  title={Rrl: Resnet as representation for reinforcement learning},
  author={Shah, Rutav and Kumar, Vikash},
  journal={arXiv preprint arXiv:2107.03380},
  year={2021}
}

@inproceedings{laskin2020curl,
  title={Curl: Contrastive unsupervised representations for reinforcement learning},
  author={Laskin, Michael and Srinivas, Aravind and Abbeel, Pieter},
  booktitle={International Conference on Machine Learning},
  pages={5639--5650},
  year={2020},
  organization={PMLR}
}

@inproceedings{ma2023vip,
title={{VIP}: Towards Universal Visual Reward and Representation via Value-Implicit Pre-Training},
author={Yecheng Jason Ma and Shagun Sodhani and Dinesh Jayaraman and Osbert Bastani and Vikash Kumar and Amy Zhang},
booktitle={The Eleventh International Conference on Learning Representations },
year={2023},
url={https://openreview.net/forum?id=YJ7o2wetJ2}
}

@article{brohan2022rt,
  title={Rt-1: Robotics transformer for real-world control at scale},
  author={Brohan, Anthony and Brown, Noah and Carbajal, Justice and Chebotar, Yevgen and Dabis, Joseph and Finn, Chelsea and Gopalakrishnan, Keerthana and Hausman, Karol and Herzog, Alex and Hsu, Jasmine and others},
  journal={arXiv preprint arXiv:2212.06817},
  year={2022}
}

@inproceedings{jang2022bc,
  title={Bc-z: Zero-shot task generalization with robotic imitation learning},
  author={Jang, Eric and Irpan, Alex and Khansari, Mohi and Kappler, Daniel and Ebert, Frederik and Lynch, Corey and Levine, Sergey and Finn, Chelsea},
  booktitle={Conference on Robot Learning},
  pages={991--1002},
  year={2022},
  organization={PMLR}
}

@inproceedings{jiang2023vima,
  title     = {VIMA: General Robot Manipulation with Multimodal Prompts},
  author    = {Yunfan Jiang and Agrim Gupta and Zichen Zhang and Guanzhi Wang and Yongqiang Dou and Yanjun Chen and Li Fei-Fei and Anima Anandkumar and Yuke Zhu and Linxi Fan},
  booktitle = {Fortieth International Conference on Machine Learning},
  year      = {2023}
}

@article{lynch2020language,
  title={Language conditioned imitation learning over unstructured data},
  author={Lynch, Corey and Sermanet, Pierre},
  journal={arXiv preprint arXiv:2005.07648},
  year={2020}
}

@article{brohan2023rt,
  title={Rt-2: Vision-language-action models transfer web knowledge to robotic control},
  author={Brohan, Anthony and Brown, Noah and Carbajal, Justice and Chebotar, Yevgen and Chen, Xi and Choromanski, Krzysztof and Ding, Tianli and Driess, Danny and Dubey, Avinava and Finn, Chelsea and others},
  journal={arXiv preprint arXiv:2307.15818},
  year={2023}
}

@article{chen2021decision,
  title={Decision transformer: Reinforcement learning via sequence modeling},
  author={Chen, Lili and Lu, Kevin and Rajeswaran, Aravind and Lee, Kimin and Grover, Aditya and Laskin, Misha and Abbeel, Pieter and Srinivas, Aravind and Mordatch, Igor},
  journal={Advances in neural information processing systems},
  volume={34},
  pages={15084--15097},
  year={2021}
}

@article{jing2021recent,
  title={Recent progress and trend of robot odor source localization},
  author={Jing, Tao and Meng, Qing-Hao and Ishida, Hiroshi},
  journal={IEEJ Transactions on Electrical and Electronic Engineering},
  volume={16},
  number={7},
  pages={938--953},
  year={2021},
  publisher={Wiley Online Library}
}

@inproceedings{zhu2017target,
  title={Target-driven visual navigation in indoor scenes using deep reinforcement learning},
  author={Zhu, Yuke and Mottaghi, Roozbeh and Kolve, Eric and Lim, Joseph J and Gupta, Abhinav and Fei-Fei, Li and Farhadi, Ali},
  booktitle={2017 IEEE international conference on robotics and automation (ICRA)},
  pages={3357--3364},
  year={2017},
  organization={IEEE}
}

@article{mnih2013playing,
  title={Playing atari with deep reinforcement learning},
  author={Mnih, Volodymyr and Kavukcuoglu, Koray and Silver, David and Graves, Alex and Antonoglou, Ioannis and Wierstra, Daan and Riedmiller, Martin},
  journal={arXiv preprint arXiv:1312.5602},
  year={2013}
}

@article{mnih2015human,
  title={Human-level control through deep reinforcement learning},
  author={Mnih, Volodymyr and Kavukcuoglu, Koray and Silver, David and Rusu, Andrei A and Veness, Joel and Bellemare, Marc G and Graves, Alex and Riedmiller, Martin and Fidjeland, Andreas K and Ostrovski, Georg and others},
  journal={nature},
  volume={518},
  number={7540},
  pages={529--533},
  year={2015},
  publisher={Nature Publishing Group}
}

@article{goodfellow2014generative,
  title={Generative adversarial nets},
  author={Goodfellow, Ian and Pouget-Abadie, Jean and Mirza, Mehdi and Xu, Bing and Warde-Farley, David and Ozair, Sherjil and Courville, Aaron and Bengio, Yoshua},
  journal={Advances in neural information processing systems},
  volume={27},
  year={2014}
}

@inproceedings{zhu2017unpaired,
  title={Unpaired image-to-image translation using cycle-consistent adversarial networks},
  author={Zhu, Jun-Yan and Park, Taesung and Isola, Phillip and Efros, Alexei A},
  booktitle={Proceedings of the IEEE international conference on computer vision},
  pages={2223--2232},
  year={2017}
}

% mask R-CNN
@inproceedings{he2017mask,
  title={Mask r-cnn},
  author={He, Kaiming and Gkioxari, Georgia and Doll{\'a}r, Piotr and Girshick, Ross},
  booktitle={Proceedings of the IEEE international conference on computer vision},
  pages={2961--2969},
  year={2017}
}

% vit
@article{dosovitskiy2020image,
  title={An image is worth 16x16 words: Transformers for image recognition at scale},
  author={Dosovitskiy, Alexey and Beyer, Lucas and Kolesnikov, Alexander and Weissenborn, Dirk and Zhai, Xiaohua and Unterthiner, Thomas and Dehghani, Mostafa and Minderer, Matthias and Heigold, Georg and Gelly, Sylvain and others},
  journal={arXiv preprint arXiv:2010.11929},
  year={2020}
}

@article{reed2022generalist,
  title={A generalist agent},
  author={Reed, Scott and Zolna, Konrad and Parisotto, Emilio and Colmenarejo, Sergio Gomez and Novikov, Alexander and Barth-Maron, Gabriel and Gimenez, Mai and Sulsky, Yury and Kay, Jackie and Springenberg, Jost Tobias and others},
  journal={arXiv preprint arXiv:2205.06175},
  year={2022}
}

@inproceedings{wang2021learn,
  title={Learn to trace odors: Autonomous odor source localization via deep learning methods},
  author={Wang, Lingxiao and Pang, Shuo and Li, Jinlong},
  booktitle={2021 20th IEEE International Conference on Machine Learning and Applications (ICMLA)},
  pages={1429--1436},
  year={2021},
  organization={IEEE}
}

@inproceedings{wang2023learn,
  title={Learn to Trace Odors: Robotic Odor Source Localization via Deep Learning Methods with Real-world Experiments},
  author={Wang, Lingxiao and Yin, Ziyu and Pang, Shuo},
  booktitle={SoutheastCon 2023},
  pages={524--531},
  year={2023},
  organization={IEEE}
}

@inproceedings{zhao2020sim,
  title={Sim-to-real transfer in deep reinforcement learning for robotics: a survey},
  author={Zhao, Wenshuai and Queralta, Jorge Pe{\~n}a and Westerlund, Tomi},
  booktitle={2020 IEEE symposium series on computational intelligence (SSCI)},
  pages={737--744},
  year={2020},
  organization={IEEE}
}

@article{vemprala2023chatgpt,
  title={Chatgpt for robotics: Design principles and model abilities},
  author={Vemprala, Sai and Bonatti, Rogerio and Bucker, Arthur and Kapoor, Ashish},
  journal={Microsoft Auton. Syst. Robot. Res},
  volume={2},
  pages={20},
  year={2023}
}

@article{ang2005pid,
  title={PID control system analysis, design, and technology},
  author={Ang, Kiam Heong and Chong, Gregory and Li, Yun},
  journal={IEEE transactions on control systems technology},
  volume={13},
  number={4},
  pages={559--576},
  year={2005},
  publisher={IEEE}
}

@article{raffel2020exploring,
  title={Exploring the limits of transfer learning with a unified text-to-text transformer},
  author={Raffel, Colin and Shazeer, Noam and Roberts, Adam and Lee, Katherine and Narang, Sharan and Matena, Michael and Zhou, Yanqi and Li, Wei and Liu, Peter J},
  journal={The Journal of Machine Learning Research},
  volume={21},
  number={1},
  pages={5485--5551},
  year={2020},
  publisher={JMLRORG}
}


@inproceedings{wang20203,
  title={3-dimensional hydrothermal vent localization based on chemical plume tracing},
  author={Wang, Lingxiao and Pang, Shuo and Xu, Guangyu},
  booktitle={Global Oceans 2020: Singapore--US Gulf Coast},
  pages={1--7},
  year={2020},
  organization={IEEE}
}

%%%%%%%%%%%%% Neuroscience %%%%%%%%%%%%%%%%

@article{ibarra2014olfactory,
  title={The olfactory transcriptomes of mice},
  author={Ibarra-Soria, Ximena and Levitin, Maria O and Saraiva, Luis R and Logan, Darren W},
  journal={PLoS genetics},
  volume={10},
  number={9},
  pages={e1004593},
  year={2014},
  publisher={Public Library of Science San Francisco, USA}
}

@article{purves2001organization,
  title={The Organization of the Olfactory System},
  author={Purves, D and Augustine, GJ and Fitzpatrick, D and Katz, LC and LaMantia, AS and McNamara, JO and Williams, SM},
  journal={Neuroscience},
  pages={337--354},
  year={2001}
}

@article{sarafoleanu2009importance,
  title={The importance of the olfactory sense in the human behavior and evolution},
  author={Sarafoleanu, Codrut and Mella, Corina and Georgescu, M and Perederco, C},
  journal={Journal of Medicine and life},
  volume={2},
  number={2},
  pages={196},
  year={2009},
  publisher={Carol Davila-University Press}
}

@article{ciaglia2022roboflow,
  title={Roboflow 100: A Rich, Multi-Domain Object Detection Benchmark},
  author={Ciaglia, Floriana and Zuppichini, Francesco Saverio and Guerrie, Paul and McQuade, Mark and Solawetz, Jacob},
  journal={arXiv preprint arXiv:2211.13523},
  year={2022}
}

@article{driess2023palm,
  title={Palm-e: An embodied multimodal language model},
  author={Driess, Danny and Xia, Fei and Sajjadi, Mehdi SM and Lynch, Corey and Chowdhery, Aakanksha and Ichter, Brian and Wahid, Ayzaan and Tompson, Jonathan and Vuong, Quan and Yu, Tianhe and others},
  journal={arXiv preprint arXiv:2303.03378},
  year={2023}
}

@article{lumelsky1990incorporating,
  title={Incorporating range sensing in the robot navigation function},
  author={Lumelsky, Vladimir J and Skewis, Tim},
  journal={IEEE transactions on Systems, Man, and Cybernetics},
  volume={20},
  number={5},
  pages={1058--1069},
  year={1990},
  publisher={IEEE}
}

@article{khatib1986real,
  title={Real-time obstacle avoidance for manipulators and mobile robots},
  author={Khatib, Oussama},
  journal={The international journal of robotics research},
  volume={5},
  number={1},
  pages={90--98},
  year={1986},
  publisher={Sage Publications Sage CA: Thousand Oaks, CA}
}

@article{borenstein1991vector,
  title={The vector field histogram-fast obstacle avoidance for mobile robots},
  author={Borenstein, Johann and Koren, Yoram and others},
  journal={IEEE transactions on robotics and automation},
  volume={7},
  number={3},
  pages={278--288},
  year={1991}
}

@article{patle2019review,
  title={A review: On path planning strategies for navigation of mobile robot},
  author={Patle, BK and Pandey, Anish and Parhi, DRK and Jagadeesh, AJDT and others},
  journal={Defence Technology},
  volume={15},
  number={4},
  pages={582--606},
  year={2019},
  publisher={Elsevier}
}


@article{zhu2020novel,
  title={A novel odor source localization system based on particle filtering and information entropy},
  author={Zhu, Hongbiao and Wang, Yibo and Du, Chengjin and Zhang, Quan and Wang, Weidong},
  journal={Robotics and autonomous systems},
  volume={132},
  pages={103619},
  year={2020},
  publisher={Elsevier}
}


@article{chen2017underground,
  title={Underground odor source localization based on a variation of lower organism search behavior},
  author={Chen, Ziqi and Wang, Jian},
  journal={IEEE Sensors Journal},
  volume={17},
  number={18},
  pages={5963--5970},
  year={2017},
  publisher={IEEE}
}



%%%%%%%%%%%% LLMs%%%%%%%%%%%%%%%%
@misc{gadre2022cows,
      title={CoWs on Pasture: Baselines and Benchmarks for Language-Driven Zero-Shot Object Navigation}, 
      author={Samir Yitzhak Gadre and Mitchell Wortsman and Gabriel Ilharco and Ludwig Schmidt and Shuran Song},
      year={2022},
      eprint={2203.10421},
      archivePrefix={arXiv},
      primaryClass={id='cs.CV' full_name='Computer Vision and Pattern Recognition' is_active=True alt_name=None in_archive='cs' is_general=False description='Covers image processing, computer vision, pattern recognition, and scene understanding. Roughly includes material in ACM Subject Classes I.2.10, I.4, and I.5.'}
}

@article{chowdhary2020natural,
  title={Natural language processing for word sense disambiguation and information extraction},
  author={Chowdhary, KR},
  journal={arXiv preprint arXiv:2004.02256},
  year={2020}
}

@article{naveed2023comprehensive,
  title={A comprehensive overview of large language models},
  author={Naveed, Humza and Khan, Asad Ullah and Qiu, Shi and Saqib, Muhammad and Anwar, Saeed and Usman, Muhammad and Barnes, Nick and Mian, Ajmal},
  journal={arXiv preprint arXiv:2307.06435},
  year={2023}
}

@inproceedings{cui2024survey,
  title={A survey on multimodal large language models for autonomous driving},
  author={Cui, Can and Ma, Yunsheng and Cao, Xu and Ye, Wenqian and Zhou, Yang and Liang, Kaizhao and Chen, Jintai and Lu, Juanwu and Yang, Zichong and Liao, Kuei-Da and others},
  booktitle={Proceedings of the IEEE/CVF Winter Conference on Applications of Computer Vision},
  pages={958--979},
  year={2024}
}

@article{zeng2023large,
  title={Large language models for robotics: A survey},
  author={Zeng, Fanlong and Gan, Wensheng and Wang, Yongheng and Liu, Ning and Yu, Philip S},
  journal={arXiv preprint arXiv:2311.07226},
  year={2023}
}

@article{wang2024large,
  title={Large language models for robotics: Opportunities, challenges, and perspectives},
  author={Wang, Jiaqi and Wu, Zihao and Li, Yiwei and Jiang, Hanqi and Shu, Peng and Shi, Enze and Hu, Huawen and Ma, Chong and Liu, Yiheng and Wang, Xuhui and others},
  journal={arXiv preprint arXiv:2401.04334},
  year={2024}
}

@article{li2024multimodal,
  title={Multimodal foundation models: From specialists to general-purpose assistants},
  author={Li, Chunyuan and Gan, Zhe and Yang, Zhengyuan and Yang, Jianwei and Li, Linjie and Wang, Lijuan and Gao, Jianfeng and others},
  journal={Foundations and Trends{\textregistered} in Computer Graphics and Vision},
  volume={16},
  number={1-2},
  pages={1--214},
  year={2024},
  publisher={Now Publishers, Inc.}
}

@article{shi2023intelligent,
  title={Intelligent layout generation based on deep generative models: A comprehensive survey},
  author={Shi, Yong and Shang, Mengyu and Qi, Zhiquan},
  journal={Information Fusion},
  pages={101940},
  year={2023},
  publisher={Elsevier}
}

@article{nayebi2024neural,
  title={Neural foundations of mental simulation: Future prediction of latent representations on dynamic scenes},
  author={Nayebi, Aran and Rajalingham, Rishi and Jazayeri, Mehrdad and Yang, Guangyu Robert},
  journal={Advances in Neural Information Processing Systems},
  volume={36},
  year={2024}
}

@misc{radford2021learning,
      title={Learning Transferable Visual Models From Natural Language Supervision}, 
      author={Alec Radford and Jong Wook Kim and Chris Hallacy and Aditya Ramesh and Gabriel Goh and Sandhini Agarwal and Girish Sastry and Amanda Askell and Pamela Mishkin and Jack Clark and Gretchen Krueger and Ilya Sutskever},
      year={2021},
      eprint={2103.00020},
      archivePrefix={arXiv},
      primaryClass={id='cs.CV' full_name='Computer Vision and Pattern Recognition' is_active=True alt_name=None in_archive='cs' is_general=False description='Covers image processing, computer vision, pattern recognition, and scene understanding. Roughly includes material in ACM Subject Classes I.2.10, I.4, and I.5.'}
}

@article{krizhevsky2012imagenet,
  title={Imagenet classification with deep convolutional neural networks},
  author={Krizhevsky, Alex and Sutskever, Ilya and Hinton, Geoffrey E},
  journal={Advances in neural information processing systems},
  volume={25},
  year={2012}
}

@inproceedings{hassan2023multi,
  title={Multi-Modal Robotic Platform Development for Odor Source Localization},
  author={Hassan, Sunzid and Wang, Lingxiao and Mahmud, Khan Raqib},
  booktitle={2023 Seventh IEEE International Conference on Robotic Computing (IRC)},
  pages={59--62},
  year={2023},
  organization={IEEE}
}

@article{hassan2024robotic,
  title={Robotic Odor Source Localization via Vision and Olfaction Fusion Navigation Algorithm},
  author={Hassan, Sunzid and Wang, Lingxiao and Mahmud, Khan Raqib},
  journal={Sensors},
  volume={24},
  number={7},
  pages={2309},
  year={2024},
  publisher={MDPI}
}

@article{wen2023dilu,
  title={Dilu: A knowledge-driven approach to autonomous driving with large language models},
  author={Wen, Licheng and Fu, Daocheng and Li, Xin and Cai, Xinyu and Ma, Tao and Cai, Pinlong and Dou, Min and Shi, Botian and He, Liang and Qiao, Yu},
  journal={arXiv preprint arXiv:2309.16292},
  year={2023}
}